2054 2956
173 100 224 156 rso
258 79 380 153 coru.
398 94 878 165 nerorrsrancnenre

167 205 210 256 uti
221 202 300 256 nefas
309 203 426 258 haberes
432 221 445 268 ,²
459 221 553 258 rerum
564 207 701 258 maiorum
712 206 858 260 adversum
867 221 957 260 meam

167 275 337 326 sententiam
348 273 498 343 quidquam
510 275 612 327 lacere.
649 275 817 328 Praesertim
826 275 903 339 mihi,
914 279 959 329 cui

166 343 253 411 parva
264 358 328 409 pars
339 347 413 397 ritae
423 351 560 411 superest.
578 341 581 354 ‘
593 345 635 397 Ne
646 344 675 396 id
686 345 796 412 quidem
807 351 865 396 tam
875 345 958 398 breve

121 407 125 419 “
167 413 290 480 spatium
302 418 396 480 potest
406 415 547 480 opitulari,
564 415 628 482 quin
641 421 670 466 et
680 414 746 466 mihi
756 415 919 478 adverseris,
929 421 959 466 ei
994 462 998 470 ,

168 483 306 550 rempubl.
325 475 465 551 profligee.
501 483 629 558 Denique
649 495 825 552 quaepausa
843 483 912 536 eritl
926 491 959 536 ei
996 529 999 535 .

169 552 285 620 quando,
293 552 402 604 desinet
411 553 517 606 familia
532 562 629 606 nostra
644 553 784 607 insaniret
802 558 832 606 et
848 553 959 620 quando

156 623 339 688 desinemus,
349 628 378 674 et
388 620 532 688 hahentes,
543 629 572 675 et
582 621 755 691 praebentes,
765 622 902 690 molestiis
913 622 960 674 de·

40 696 43 700 '
137 740 146 750 ,,
169 690 286 744 cisterci
301 695 330 744 et
339 693 450 758 quando
461 694 646 760 perpudcscet
656 692 797 744 miscenda
807 697 891 760 atque
901 705 961 758 per·

168 761 310 814 turbanda
319 761 428 828 republ.
452 761 508 815 Sed
519 765 542 814 si
553 764 665 813 omnino
675 761 704 813 id
714 763 774 813 lieri
786 776 842 813 non
852 766 959 828 potesta

159 831 219 883 ›ubi
230 846 282 898 ego
293 836 405 883 mortua
414 847 473 895 ero,
483 833 570 898 petito
580 832 780 894 Tribunatum3
790 836 909 899 postme
919 830 959 882 la·

170 902 234 964 cito,
245 901 319 970 quod
329 901 434 964 libebit,
445 917 530 969 quum
541 916 593 970 ego
605 916 660 953 non
670 902 797 952 sentiam.
825 899 878 957 Vbi
889 913 960 952 mor·

170 977 221 1024 bra
230 987 289 1035 ero,
306 971 467 1040 parentabis'
477 969 558 1035 mihi,
578 976 608 1024 et
616 971 757 1028 invocabis
768 971 850 1022 deum
861 985 959 1044 paren·

170 1047 237 1094 tem.
272 1043 305 1094 ln
325 1055 358 1094 eo
378 1045 514 1108 tempore,
534 1054 591 1093 non
610 1041 698 1108 pudet
716 1046 745 1092 te
766 1053 862 1092 eorum
878 1039 960 1092 deum

171 1125 268 1180 preces
279 1115 418 1178 expetere,
433 1125 512 1178 quos,
524 1113 603 1163 vrivos
614 1116 697 1178 atque
708 1115 877 1178 praesentes,
896 1107 961 1161 reli·

171 1186 232 1232 etos
242 1185 326 1248 atque
341 1179 469 1246 desertos
483 1178 631 1233 habuerisl
649 1180 692 1233 Ne
701 1179 751 1232 ille
761 1181 836 1233 sinat
845 1179 960 1245 Iupiter,
978 1209 981 1218 ·

78 1277 82 1286 ¹
154 1255 201 1304 ‘ie
216 1263 250 1301 eu
267 1264 458 1317 perseverare,
478 1266 530 1312 neo
548 1251 600 1302 tihi
616 1254 723 1302 tantam
739 1249 961 1302 dementiamre·

169 1321 232 1372 nire
242 1321 271 1371 in
281 1322 420 1388 animum3
440 1324 477 1382 et,
487 1321 511 1372 si
522 1333 691 1388 perseveras,
702 1329 800 1371 vereor
808 1319 838 1369 in
849 1313 971 1370 omnem

126 1385 136 1392 ⁴
169 1394 255 1442 vitam
267 1394 375 1444 tantum
386 1389 490 1442 laboris
500 1390 582 1458 culpa
592 1395 642 1440 tua
651 1390 778 1458 recipias,
792 1387 834 1440 uti
842 1388 873 1440 in
881 1387 962 1440 nullo

50 1446 51 1450 ἵ
157 1461 298 1527 'tenrpore
308 1465 368 1513 tute
378 1459 429 1512 tibi
440 1458 551 1526 placere
562 1462 660 1528 possis.

224 1533 476 1659 [cgnelioa'llepos
485 1535 516 1591 s'n
525 1535 596 1603 libro
605 1535 636 1588 de
646 1532 795 1588 Historics't
804 1529 918 1588 bacinis
928 1532 962 1587 de

237 1625 251 1659 e
283 1623 409 1660 aceronti.
709 1651 716 1663 ,
750 1629 766 1664 .⁴

224 1675 287 1730 Non
298 1676 430 1745 ignorare
442 1676 533 1744 debes,
543 1691 629 1732 unum
639 1675 693 1729 hoc
702 1675 962 1744 gennsLatinarum

166 1745 328 1800 litterarum
344 1745 434 1802 adhuc
445 1764 504 1800 non
520 1748 603 1800 modo
618 1761 674 1799 non
688 1745 859 1816 respondere
874 1743 962 1795 Grae·

169 1819 238 1880 ctae,
257 1817 307 1869 sed
318 1819 429 1870 omnino
440 1817 510 1870 rude
520 1824 603 1886 atque
614 1815 773 1889 inchoatum
783 1819 874 1870 morte
885 1813 962 1864 cice-

112 1908 117 1924 ·
168 1889 247 1940 ronis
257 1886 395 1938 relictum.
432 1887 483 1940 llle
495 1889 568 1940 enim
579 1887 634 1938 fuit
643 1901 725 1950 unus,
740 1886 785 1955 qui
796 1884 922 1952 potuerit
930 1885 963 1934 et

155 1958 255 2010 ‘etiam
267 1957 395 2012 debuerit
409 1955 554 2008 historiam
570 1957 653 2025 digna
672 1971 742 2009 voce
762 1953 960 2022 pronuntiare:

168 2029 270 2095 quippe
280 2021 328 2094 qui
339 2027 491 2078 oratoriam
503 2026 693 2096 eloquentiam
708 2025 806 2079 rudem
818 2037 835 2074 a
846 2020 960 2074 maiori·

159 2096 222 2149 ¹bus
230 2101 373 2164 acceptam
385 2095 576 2162 perpolircrit,
596 2095 800 2164 philosophiam
816 2093 881 2144 ante
894 2104 961 2144 eum

169 2171 320 2218 rncomtan
331 2166 461 2217 Latinam
470 2179 522 2216 sua
532 2158 750 2219 'conformaverit
761 2160 896 2217 oratione.
916 2161 962 2212 Ex

169 2249 225 2304 quo
237 2235 346 2299 dubito,
366 2235 483 2286 interitu
493 2236 554 2288 eius
563 2241 658 2288 utrum
668 2250 715 2288 res
724 2233 849 2302 publica,
869 2245 905 2282 an
920 2225 963 2280 hi·

168 2307 357 2374 storiamagis
367 2297 471 2356 doleat.
641 2303 642 2308 ’
712 2351 732 2370 ἡ,

153 2395 158 2410 ,
223 2373 365 2442 Locuples
379 2387 411 2424 ac
427 2373 520 2424 divina
530 2378 641 2437 natura,
650 2388 706 2442 quo
716 2373 850 2424 maiorem
861 2368 906 2422 sul
916 2371 966 2436 pas'

169 2449 248 2496 reret
259 2444 478 2503 admirationem,
488 2444 739 2511 ponderatioraque
750 2457 802 2492 sua
812 2445 908 2493 essent
916 2437 965 2491 b'e·

167 2513 282 2576 melicis,
302 2527 392 2581 neque
402 2513 451 2562 uni
461 2513 553 2561 omnia
564 2513 644 2576 dare,
664 2527 716 2564 nec
726 2525 822 2563 rursus
832 2510 964 2578 cuiquam

171 2581 268 2632 omnia
287 2581 376 2632 voluit
392 2577 517 2646 negare]
554 2581 679 2642 (Excod.
691 2583 806 2650 antiquo
818 2573 965 2632 Saeext

170 2645 343 2784 ffilpherls
354 2651 409 2704 Cic.
422 2651 513 2716 Orati.
524 2648 652 2718 Philipp,
662 2650 697 2702 ab
708 2651 768 2704 LF.
778 2649 965 2717 Heusingero

236 2719 317 2772 icata.

482 2793 650 2830 m,
