2032 2962
252 51 715 144 uicesimarium.
843 81 881 138 aa

80 207 113 244 ru
119 194 152 242 nt
163 185 438 254 Athenasquestum,
450 186 523 254 quod
536 183 669 238 Chabrias
678 184 826 238 adversum
837 201 879 240 re-

79 269 147 328 gem
171 257 276 310 bellurn
298 261 409 324 gereret
424 271 486 308 cunr
499 256 650 322 Aegyptiis.
694 254 878 309 Athenienses

80 332 158 383 diem
181 331 287 380 certam
303 323 440 378 Chabriae
461 327 694 392 praestituerunt,
713 340 796 394 quarn
812 332 878 379 ante

81 401 200 452 domurn
216 397 269 447 nisi
285 395 417 457 redisset,
436 396 535 462 capitis
551 409 581 446 se
602 395 681 446 illurn
697 395 878 448 damnaturos

80 468 296 522 denuntiarunt
332 466 395 518 Hoc
406 465 454 518 ille
470 465 567 516 nuntio
582 463 703 516 Athenas
716 466 813 530 rediit,
831 481 878 518 ne·

81 555 139 608 que
151 539 189 590 lbi
197 537 303 588 diutius
310 540 492 598 estmoratus,
500 549 583 602 quarn
591 533 771 588 luitnecesse.
781 535 807 588 2.
814 535 877 588 Non

83 611 159 662 enim
174 607 295 658 libenter
307 604 790 658 eratsnteoculosetratunsuorum:
803 606 877 674 qued

83 683 113 730 et
124 677 238 729 virebat
248 675 375 737 laute‚et
384 675 549 743 indulgebat
559 675 610 725 sibi
622 674 779 737 liberalius,
794 689 875 744 quani

84 753 119 799 ut
127 746 261 798 insidiam
272 745 347 812 vulgi
359 749 453 812 posset
463 743 596 812 effugere.
626 739 651 796 3.
670 743 722 795 Est
736 745 808 796 eninr
823 743 876 796 hoe

85 828 233 868 commuue
244 809 340 866 viti'uui
352 816 378 865 in
390 817 496 882 magnis
507 815 657 882 liberisque
668 814 834 877 civitatibus,
844 820 887 875 ut

83 885 189 939 invidia
199 885 306 952 gloriae
318 897 410 938 comcs
420 887 469 945 sit,
484 891 512 936 et
522 884 644 936 libenter
665 885 699 937 de
720 883 762 934 his
783 884 875 936 detra·

84 953 164 1018 hant,
175 969 245 1024 quos
256 955 501 1008 eniinererideant
511 954 608 1019 altius3
621 969 709 1024 neque
726 953 819 1004 animo
830 969 875 1008 ae·

82 1040 139 1094 quo
150 1039 285 1092 pauperes
296 1023 416 1076 alienam
432 1025 606 1093 opulentiam
622 1026 771 1076 intuuntur
786 1022 874 1075 fertu-

82 1111 156 1146 narn.
195 1095 291 1162 ltaque
303 1093 450 1155 Chabrias,
461 1094 552 1162 quoad
565 1096 589 1145 ei
600 1094 712 1158 licebat,
725 1093 873 1160 plurimum

83 1165 191 1218 aberat.
226 1161 252 1214 4.
272 1161 447 1232 Nequereru
459 1163 535 1216 sulus
546 1164 594 1216 ille
605 1167 703 1218 aberat
717 1163 832 1217 Athenis
842 1164 873 1215 li·
965 1171 976 1180 ’·

82 1225 199 1296 beuter,
217 1232 265 1286 sed
288 1249 383 1286 ornnes
405 1231 464 1298 lere
484 1236 620 1302 principes
641 1235 768 1289 lecerunt
786 1235 872 1287 idem:

84 1303 158 1372 quod
170 1308 278 1355 tanturn
289 1319 318 1356 se
330 1304 364 1355 ah
374 1304 778 1372 invidiaputabantabluturus,
789 1321 872 1373 quan·

84 1381 142 1424 turn
154 1389 170 1424 a
181 1381 331 1438 conspectu
347 1389 461 1426 suerum
478 1375 665 1428 recessissent.
707 1376 805 1443 ltaque
821 1375 872 1427 Co-

83 1457 138 1494 non
150 1441 300 1508 plurimum
313 1445 397 1510 Cypri
408 1446 483 1504 vixit,
496 1444 646 1511 lphicrates
657 1441 871 1506 in'l'hracia,'li·

82 1509 210 1564 nrotheus
222 1511 317 1576 Lesbi,
329 1512 433 1566 Chares
443 1517 471 1565 in
483 1516 572 1582 Sigeo.
602 1513 749 1564 Dissimilis
761 1515 871 1582 quidern

83 1581 186 1634 Chares
199 1580 297 1634 hurunr
310 1588 339 1634 et
351 1583 432 1638 laetis
444 1591 472 1634 ct
482 1586 615 1646 muribus,
625 1581 674 1636 scil
686 1589 780 1635 taurea
790 1582 872 1636 Athe·

82 1653 124 1704 nis
134 1658 163 1704 et
173 1649 326 1704 honoratus
338 1659 366 1704 et
377 1658 481 1720 potens.

134 1719 183 1776 lv.
204 1719 337 1773 Chabrias
348 1729 440 1772 autern
451 1719 623 1788 per-iitibello
638 1720 734 1772 sociali
750 1721 800 1774 tali
815 1737 872 1775 rna·
921 1732 926 1740 ’

82 1791 126 1844 do.
144 1789 658 1860 OppirgndbanththeniensesChiurn.
682 1793 752 1843 Erat
762 1793 790 1844 in
801 1793 868 1846 clas·

81 1877 111 1914 se
123 1859 257 1912 Chabrias
269 1859 464 1928 privatumerl
481 1877 590 1924 (amnes,
607 1861 691 1931 quiin
708 1863 872 1930 magistratu

81 1935 174 1998 erant,
184 1932 351 1982 auctoritate
362 1931 499 1994 anteibat3
522 1947 640 2000 eumque
654 1934 742 2000 aragia
756 1933 873 1999 milites,
903 1933 920 1961 ⁸

82 2015 164 2068 quarn
176 2001 222 2068 qui
234 2006 389 2067 praeerant,
401 2002 576 2067 aspiciebant.
599 2003 623 2052 2
636 2004 714 2066 Quae
724 2018 770 2058 res
781 2005 806 2056 ei
818 2019 873 2055 nra·
908 2053 912 2058 .

81 2071 187 2120 turasit
198 2076 326 2138 mortens.
364 2070 435 2125 Narn
451 2071 516 2195 puni
533 2074 636 2138 primus
650 2073 746 2126 studet
762 2079 873 2141 parturn

82 2141 200 2202 intrare,
214 2139 450 2208 gubernaterenrq
471 2157 486 2192 e
501 2143 578 2193 iubet
588 2155 621 2194 eo
637 2141 755 2212 dirigere
767 2157 873 2208 navern,

20 2205 22 2228 ³
83 2209 142 2276 ipse
153 2209 205 2262 sibi
217 2211 348 2275 perniciei
359 2207 421 2261 luit.
438 2201 556 2272 lQuunr
572 2215 643 2263 enirn
659 2228 693 2266 ee
731 2217 872 2279 penetras·

81 2283 132 2340 set,
144 2282 255 2331 ceterae
267 2295 321 2330 nnn
333 2284 399 2330 sunt
409 2285 531 2332 secutae.
568 2281 630 2344 Quu
642 2281 714 2334 facto
726 2281 873 2334 circurnfu-

82 2363 131 2402 sus
141 2347 263 2400 hostiurn
276 2363 411 2400 concursu
423 2366 507 2418 quunr
516 2349 873 2416 fortissirnepugnaret,na·

83 2419 137 2482 ris,
148 2421 241 2469 rostro
251 2433 390 2484 pereussa,
402 2421 493 2486 coepit
503 2420 602 2471 sidere.
638 2418 663 2470 3.
682 2420 755 2470 ilinc
763 2419 873 2490 refuge·

83 2501 114 2539 re
125 2502 209 2553 quum
222 2493 326 2554 posset,
338 2491 360 2538 si
372 2492 439 2542 sein
452 2504 529 2540 mare
541 2487 698 2549 deiecisset,
710 2488 784 2556 quod
795 2491 874 2544 sube-

83 2555 235 2608 ratelassis
245 2555 470 2622 Atheniensium,
486 2557 713 2626 qpaelexciperct
729 2558 873 2612 n'atantess
897 2603 900 2610 ,
940 2586 942 2589 -

84 2627 177 2692 perire
187 2625 298 2685 maluit,
310 2642 392 2694 quarn
405 2630 489 2686 arnris
499 2628 612 2682 abiectis
623 2640 720 2676 nasein
734 2626 873 2694 relinque·

84 2709 131 2754 re,
143 2695 170 2744 in
183 2709 239 2762 quu·
258 2693 353 2750 luerat
372 2705 476 2780 resp.
511 2695 540 2752 ld
563 2702 647 2752 ceteri
668 2693 759 2754 faeere
778 2695 874 2753 nulus·
925 2703 931 2732 ¹

20 2831 21 2834 Ἴ
122 2761 291 2818 coenus».
644 2764 670 2816 l)
