2032 2962
103 153 105 160 ’
150 153 217 208 ·m
321 111 842 208 xnirrnornavsnnc

180 263 262 325 rant,
286 259 333 326 qui
355 256 447 311 nando
466 259 494 308 in
513 261 605 309 tutum
626 264 823 323 pervenerunt.
860 260 896 312 At
916 247 981 327 ille,
1007 227 1008 266 ἶ

180 334 326 396 praestare
337 326 481 378 horientem
493 332 611 378 mortem
628 328 788 378 existimans
799 331 873 394 turpi
889 333 978 395 vitae,

180 399 332 450 comminus
343 411 469 466 pugnans
480 397 542 448 telis
554 395 674 448 hostiurn
685 395 848 450 interfectus
859 406 912 451 est.

180 511 977 559 mmm-nmo·-

319 705 326 714 ,
519 592 658 686 x1n.'

322 725 828 806 TIMOTHEVS.

559 841 585 894 1.

185 919 401 1010 Timotheus,
428 943 574 998 Cononis
589 945 711 1018 silius,
737 943 971 1015 Atheniensis.

177 1018 338 1083 Hicapatre
346 1020 489 1082 acceptam
496 1014 615 1084 gloriam
623 1016 717 1068 miritis
729 1018 971 1068 auxitvirtutihns.

176 1087 244 1139 Fuit
254 1088 327 1138 enim
339 1086 473 1147 disertus,
484 1087 615 1154 impiger,
625 1085 796 1147 laboriosus,
812 1088 852 1136 rei
869 1087 971 1138 milita·
1009 1091 1010 1154 l

177 1159 216 1208 ris
227 1157 345 1222 peritus,
355 1171 443 1223 neque
454 1156 544 1208 minus
555 1157 674 1206 ciuitatis
685 1155 832 1223 regendae.
851 1156 877 1206 2.
897 1157 971 1207 Mul·
1009 1157 1010 1166 ’

178 1230 209 1275 ta
220 1223 301 1276 huius
312 1230 378 1275 sunt
388 1224 531 1289 praeclare
543 1224 630 1286 iacta,
646 1225 695 1276 sed
706 1224 971 1277 haecmaximeillu-
984 1229 987 1236 “

155 1293 156 1298 ’
178 1297 254 1345 stria.
274 1293 424 1361 Olynthios
435 1299 464 1346 et
474 1293 626 1359 Byzantios
638 1294 712 1348 bello
723 1295 842 1361 subegit.
855 1294 970 1346 Sannum

179 1362 264 1430 cepit,
275 1364 303 1412 in
313 1379 368 1432 qua
379 1363 562 1436 oppugnanda
573 1366 716 1429 superiore
726 1365 802 1415 bello
821 1364 969 1418 Athenien-

179 1447 224 1486 ses
234 1432 309 1484 mille
321 1439 351 1485 et
360 1433 479 1484 ducenta
494 1432 601 1484 talenta
615 1439 833 1484 consumserant.
873 1433 907 1486 ld
920 1432 969 1485 ille

179 1505 239 1554 sine
249 1501 308 1553 ulla
319 1501 429 1570 publica
442 1503 567 1568 impensa
577 1503 679 1569 populo
692 1504 825 1554 restituit:
833 1503 969 1554 adversus
1010 1559 1011 1576 χ

181 1573 280 1624 Cotum
290 1572 370 1624 bella
375 1574 469 1640 gessit,
480 1573 514 1624 ab
526 1587 616 1640 eoque
628 1573 703 1624 mille
713 1578 741 1624 et
752 1573 870 1623 ducenta
881 1573 969 1624 talen·
1010 1625 1011 1644 γ

179 1648 210 1694 ta
219 1643 340 1709 praedae
349 1645 379 1694 in
391 1642 530 1708 publicum
541 1641 647 1694 retulit.
668 1641 692 1697 3.
710 1644 839 1710 Cyzicum
852 1643 970 1692 ohsidio-

179 1728 215 1764 ne
225 1713 359 1765 liberavit.
382 1714 576 1768 ,Ariobarzani
586 1711 669 1764 simul
679 1728 741 1764 euos
750 1711 880 1778 Agesilao
892 1713 969 1762 auxi-

179 1782 218 1834 lio
228 1781 370 1850 proiectus
385 1788 441 1834 est:
465 1797 551 1850 aquo
568 1798 653 1850 quum
668 1783 743 1834 Laco
759 1782 904 1847 pecuniam
921 1797 970 1834 nu·

111 1858 114 1867 '
179 1861 315 1904 moratam
327 1855 490 1918 accepisset,
501 1851 549 1903 illc
560 1853 632 1903 cives
643 1867 707 1902 suos
718 1865 785 1917 agro
797 1857 881 1918 atquo
896 1853 970 1902 urbi·

180 1924 233 1974 hus
243 1921 454 1988 augerimaluit,
464 1935 545 1988 quam
557 1921 909 1986 idsnmere,cuiuspartem
921 1922 969 1971 do-

180 2007 257 2114 esnum
268 2005 346 2042 suam
357 1989 432 2042 ferre
442 1994 546 2058 posset.
564 1989 662 2058 ltaque
674 1993 780 2056 accepit
792 1990 935 2043 Crithoten
942 1998 970 2043 et

203 2068 301 2116 astum.

215 2130 249 2183 ll.
267 2129 345 2182 idem
356 2128 437 2182 classi
447 2127 604 2196 praefectus
615 2127 823 2182 circumvehens
834 2129 971 2196 Pelopon·

180 2215 290 2262 nesam,
301 2200 459 2251 Laconicen
471 2200 635 2265 popula-tus,
650 2199 767 2252 classem
783 2215 874 2250 eorum
895 2201 971 2268 iuga-

180 2273 234 2333 rit;
253 2271 405 2338 Corcyram
415 2271 466 2320 sub
476 2271 619 2334 imperium
631 2269 836 2322 Atheniensium
848 2268 971 2336 reelegit3

181 2338 406 2410 sociosqueidem
418 2339 542 2391 adiunxit
552 2341 695 2406 Epirotas,
710 2335 891 2399 Athamanas,
903 2339 973 2391 Cha.

182 2425 264 2474 onas,
285 2425 435 2478 omnesque
451 2425 498 2460 eas
512 2415 623 2475 gentes,
639 2422 709 2474 quae
726 2420 803 2456 usare
814 2405 885 2457 illud
896 2409 972 2460 adia.

183 2483 254 2531 cent
272 2481 298 2531 2.
316 2481 377 2543 Quo
389 2480 462 2532 sacto
473 2474 729 2530 Lacedaemoniide
739 2473 847 2526 diutina
857 2473 972 2530 con'ten-

182 2551 261 2600 tione
271 2548 458 2612 destiterunt,
473 2554 502 2600 et
517 2563 568 2597 sua
582 2551 679 2612 sponte
694 2542 907 2598 Atheniensibus
922 2551 973 2599 irn-

182 2619 254 2684 perii
273 2621 402 2670 maritimi
423 2620 606 2686 principatum
627 2617 839 2676 concesserunt3
864 2631 973 2683 pacem.

183 2701 237 2754 qne
247 2685 289 2738 his
300 2685 407 2756 legibus
423 2689 560 2738 corrstitue
578 2691 640 2748 unt,
657 2690 688 2736 ut
702 2683 885 2737 Athenienses
902 2690 972 2739 mari

183 2755 269 2809 (luces
278 2763 378 2810 essent.
415 2755 494 2820 Quae
504 2748 559 2811 vidi
581 2759 724 2832 ''atantae
736 2754 790 2806 fuit
803 2757 900 2810 Atticis
915 2756 976 2812 la'r·
