2054 2956
155 101 198 160 rr
256 87 677 172 'xvrnncasrnsvs
695 96 838 157 v-v11.·

156 205 354 262 concidissentr
366 221 485 275 numqua
494 205 548 258 illa
556 205 743 270 multitudine,
752 205 776 258 si
787 219 856 258 sana
864 220 943 260 mens

157 284 231 330 esset
249 277 396 341 Graeciae,
416 276 581 344 supplitium
601 275 700 328 Persas
721 275 788 327 dare
808 278 943 342 potuisse.

124 397 126 405 ,
157 345 182 402 3.
201 347 279 398 ldem
293 355 377 413 quum
392 347 567 399 adversarios
580 347 657 397 intra
670 347 781 398 moenis
795 345 943 411 compulis-

96 476 100 484 „
156 421 213 479 set,
225 420 265 480 et,
275 420 308 466 ut
321 414 485 466 Corinthum
501 419 674 482 oppugnaret
679 414 783 496 &multi
798 413 943 466 bertaren-

155 489 216 547 tur,
227 485 351 553 negarit,
361 485 389 535 id
400 499 466 536 suae
477 485 573 536 rirtuti
584 497 742 537 convenire:
753 499 783 534 se
794 485 868 534 eninr
879 498 943 535 eum
1020 523 1021 532 e

157 568 218 607 esse
228 553 312 617 dixit,
323 557 369 622 qui
380 554 415 607 ad
426 555 546 606 officium
556 557 701 620 peccantes
711 553 802 604 redire
819 558 944 620 cogeret,

156 637 227 686 non,
246 623 293 691 qui
312 625 395 676 urbes
410 623 595 676 nobilissimas
611 628 783 690 expugnaret
798 622 943 674 Graeciae.

156 691 182 746 4.
202 691 275 744 Nom
288 691 327 757 si,
342 695 443 762 inquit,
458 707 500 746 eos
516 689 689 761 exstinguere
703 691 882 754 colaerimus,
897 689 945 758 put

156 761 293 818 astacum
302 762 429 815 aduersae
440 761 570 814 barbaros
579 759 888 830 steterunt‚noemetipts‘
897 776 943 812 uos

157 828 691 900 expugnaverimar,illisquiescentibus.
729 829 944 902 Quasactosiae

157 898 752 971 negotio,quumuolserint,ncsappriment.
908 909 910 914 '

209 971 256 1024 Vl.
274 972 388 1022 Interim
399 970 500 1022 accidit
509 969 561 1022 illa
575 969 719 1022 calamitas
734 969 806 1036 apud
821 969 946 1022 Leuctra

157 1037 398 1091 Lacedaemoniis:
410 1055 464 1108 quo
475 1055 509 1091 ne
519 1039 752 1106 proficisceretur,
763 1053 848 1106 quum
860 1053 877 1090 a
887 1038 945 1122 ple·

157 1110 251 1176 risque
262 1108 298 1160 ad
309 1109 464 1160 exeundum
474 1113 655 1176 premeretur,
665 1113 699 1158 nt
707 1109 730 1159 si
741 1107 775 1159 de
787 1109 865 1159 exitu
876 1107 946 1160 divi·

157 1182 252 1239 naret,
278 1179 353 1229 exire
376 1179 478 1244 noluit,
515 1178 606 1241 idem,
631 1191 715 1246 quum
738 1174 971 1244 Epaminondas¹
1020 1199 1021 1206 ¹

98 1288 101 1294 .
159 1244 288 1312 Spartam
298 1251 486 1315 oppugnaret,
497 1252 626 1315 essetque
636 1248 696 1298 sine
706 1249 792 1297 muris
804 1247 948 1314 oppidum,

157 1314 242 1366 talem
254 1330 283 1367 se
294 1315 490 1382 imperatorem
501 1318 642 1383 praebuit,
652 1321 686 1366 ut
695 1331 729 1368 eo
747 1321 873 1383 tempore
882 1330 948 1367 orn·
1020 1315 1021 1354 ἶ

158 1382 239 1435 nibus
249 1387 424 1451 apparuerit,
435 1386 487 1437 nisi
497 1387 545 1438 ille
556 1385 670 1448 fuisset,
681 1383 810 1452 Spartam
821 1385 947 1438 futuram

157 1467 214 1504 non
224 1452 320 1522 irrisae.
349 1455 380 1508 a
397 1457 429 1507 ln
463 1470 500 1507 uo
515 1456 627 1524 quidem
641 1455 799 1510 discrimine
814 1455 948 1506 celeritas

158 1524 218 1574 eius
229 1523 336 1576 consdii
347 1524 432 1577 saluti
445 1473 501 1577 luit
513 1526 660 1578 universis.
697 1524 769 1577 Nam
787 1539 871 1593 quum
888 1525 947 1592 qui·
1019 1561 1020 1584 2

157 1591 220 1643 darn
232 1593 447 1658 adolescentuli,
462 1594 584 1646 hostium
599 1595 719 1647 adventu
734 1596 895 1662 perterriti,
911 1592 948 1644 ad

156 1660 305 1714 Thebanos
325 1664 500 1734 transfugere
514 1665 636 1728 vellent,
650 1664 784 1717 stlocum
799 1668 880 1716 extra
900 1678 949 1714 ur-

156 1729 219 1782 bem
231 1731 337 1784 editum
348 1737 495 1800 cepissent:
513 1733 672 1802 Agesilaus,
684 1735 730 1802 qui
745 1732 949 1800 perniciosissi-

157 1811 232 1850 mum
252 1799 313 1853 sore
331 1802 485 1866 rideret,si
501 1803 725 1854 animadversum
745 1807 832 1864 esset,
852 1816 949 1868 quem·

158 1881 239 1935 quam
251 1869 286 1927 ad
292 1867 568 1940 hostestransfugere
576 1873 678 1934 conari,
685 1887 746 1924 cum
757 1871 815 1922 suis
821 1871 950 1933 corenit,
1018 1873 1019 1918 l

157 1941 250 2004 atque,
261 1943 292 1988 ut
303 1939 325 1989 si
335 1939 409 1990 bono
420 1943 511 1991 animo
518 1941 657 2002 fecissent,
667 1940 791 1992 laudavit
797 1939 948 1996 consilium

157 2020 267 2069 eorum,
279 2007 353 2074 quod
365 2023 427 2058 eum
439 2009 530 2060 locum
541 2015 733 2078 occupassent,
745 2014 815 2062 etse
832 2009 860 2060 id
875 2025 948 2076 quo·

157 2089 211 2143 que
221 2076 282 2128 fieri
293 2075 394 2129 debere
405 2079 640 2132 animadvertisse.
676 2077 702 2132 3.
721 2077 768 2130 Sic
782 2078 948 2140 adolescen-

155 2143 232 2196 tulos
243 2144 375 2198 simulata
384 2145 546 2200 laudatione
560 2150 746 2215 recuperavit,
760 2153 790 2200 et
804 2145 948 2200 adiunctis
1017 2167 1018 2191 i

157 2213 192 2266 de·
202 2213 259 2266 suis
274 2216 421 2267 comitibus
435 2216 528 2268 locum
543 2221 635 2268 tutum
650 2217 773 2285 reliquit.
814 2216 947 2286 Namque

155 2281 214 2345 illt,
233 2289 315 2335 aucto
326 2299 442 2338 numero
453 2300 565 2349 eorum,
577 2288 622 2353 qui
637 2291 765 2352 expertes
781 2291 862 2336 crant
878 2301 948 2338 con·
1017 2310 1018 2333 r

155 2349 224 2416 silit,
235 2367 408 2406 commovere
418 2369 448 2406 se
459 2369 513 2405 non
525 2361 590 2404 sunt
600 2356 674 2416 ausi,
689 2369 780 2421 eoque
796 2355 949 2420 libentius,
1009 2371 1013 2376 ·

157 2421 232 2490 quod
242 2421 332 2474 latere
341 2423 562 2485 arbitrabantur,
574 2439 644 2489 quae
654 2425 819 2489 cogitarant.

1016 2199 1018 2308 l

208 2490 269 2542 Vll.
288 2489 355 2542 Sine
366 2491 447 2543 dubio
457 2497 520 2557 post
530 2492 704 2542 Leuctricam
720 2505 839 2557 pugnam
857 2489 951 2546 Laee-
1016 2497 1017 2540 i

159 2557 298 2610 daemonii
309 2573 338 2610 se
349 2560 497 2628 numquam
509 2559 680 2622 refecerunt,
695 2574 784 2626 neque
795 2560 950 2628 pristinum
1016 2553 1017 2625 l

157 2626 303 2691 imperium
321 2633 534 2694 recuperarunts
562 2643 646 2696 quum
665 2629 777 2678 interim
796 2629 951 2692 Agesilae·

158 2709 215 2748 nou
229 2693 348 2761 destitit,
363 2695 582 2768 quibuscumque
595 2696 679 2750 rebus
694 2699 804 2764 posset,
820 2699 948 2764 patriani
1015 2725 1016 2746 r
