2054 2956
207 91 729 174 xri1runm1ucau11.11r'
825 118 861 176 oa

73 237 107 274 ac
124 221 270 288 sperabat,
289 220 486 296 rempublicam
506 235 536 274 se
556 219 859 291 habentem-cognovit.

45 317 49 324 ·
71 291 197 358 Namque
209 291 390 342 diuturnitate
401 291 511 342 externi
519 291 585 342 mali
595 297 703 344 tantum
711 295 813 344 exarsit
819 295 860 344 in·
879 293 884 296 ’

7 389 8 406 ι
71 363 204 414 testinum
215 360 333 422 bellum,
354 364 385 410 ut
396 375 545 427 numquam
561 363 620 427 pari
634 362 757 429 periculo
773 363 860 417 iurarit

73 429 227 497 Carthago,
247 432 299 480 nisi
310 444 392 496 quum
408 429 503 483 deleta
518 435 569 482 est.
594 431 628 481 2
639 431 859 492 ,Primomerce

71 502 142 552 narii
152 499 254 552 milites
259 501 324 566 ,qui
334 499 466 552 advorsus
476 500 617 550 Romanos
628 499 754 563 fluerunt,
772 501 859 554 desci-

70 575 185 621 verunt:
204 583 322 636 quorum
332 583 463 620 numerus
476 574 538 620 erat
550 571 647 636 viginti
658 570 784 622 millium.
820 573 859 624 Hi

70 644 160 691 tutam
171 636 500 700 abalienaruntnlricam,
508 641 595 708 ipsum
607 639 801 707 carthaginem
812 655 858 708 op-

70 714 239 776 pugnarunt.
265 703 300 758 ’3.
319 705 425 770 Quibus
439 708 519 760 malis
530 709 600 760 adeo
614 719 681 760 sunt
696 709 781 761 Poeni
796 725 858 778 pcr-

70 779 180 840 territi,
197 779 323 829 utetiam
339 777 443 830 auxilia
458 794 475 829 a
490 779 620 830 Romanis
636 780 797 845 petiverint,
814 794 858 832 ea·

7 879 9 916 ,
72 862 124 916 que
132 849 318 914 impetrarint.
354 845 408 898 Sed
419 852 654 915 extremo,quuur
664 850 856 916 propeiamad
878 847 881 852 ’

7 965 8 982 ,
45 945 50 956 ι
71 917 292 983 desperationem
307 917 511 983 pervenissent,
530 918 720 970 Hamilcarem
739 921 858 986 impera-

7 1025 8 1032 ,
69 993 159 1037 torcrn
175 986 309 1038 fecerunt.
343 985 370 1036 4.
388 987 416 1041 la
436 1002 491 1038 nou
511 987 604 1038 solum
622 985 716 1039 hostes
734 1002 755 1038 a
770 991 857 1040 muris

7 1065 8 1086 ¹
71 1054 247 1123 Carthaginis
261 1057 392 1118 removit,
412 1071 496 1122 quum
511 1056 631 1122 amplius
646 1062 758 1109 centum
768 1058 858 1109 millia
908 1101 914 1126 :

7 1129 8 1148 ³
70 1123 250 1177 sacta'esseut
259 1129 444 1188 armatorum3
460 1125 604 1176 sedetiam
615 1141 648 1178 eo
660 1126 807 1193 compulit,
818 1133 858 1190 ut,

69 1194 196 1248 locorum
207 1191 343 1262 angustiis
353 1194 453 1258 clausi,
471 1195 566 1262 plures
577 1194 664 1258 fame,
685 1211 768 1316 apuam
780 1195 856 1249 ferro

70 1265 224 1316 interirent.
249 1263 349 1316 Olnnia
360 1264 462 1330 oppida
473 1263 681 1329 abalienata,in
711 1267 734 1318 is
744 1267 855 1322 Vticam

69 1339 154 1402 atque
164 1335 336 1402 Hipponem,
346 1335 535 1384 valentissima
544 1337 636 1386 totius
643 1333 765 1400 Africae,
776 1338 869 1396 rasti-¹

7 1411 8 1434 ¹
68 1405 124 1456 tuit
135 1407 250 1470 patriae.
287 1401 311 1456 ὅ.
323 1403 420 1469 Neque
431 1417 464 1455 eo
476 1402 529 1454 fuit
539 1410 700 1467 contentus,
711 1405 760 1458 sed
771 1407 856 1460 etiam

69 1475 257 1540 linesimpcrii
267 1473 440 1539 propagarit,
459 1477 520 1522 tota
533 1472 627 1525 Africa
641 1479 749 1526 tantum
767 1477 855 1528 otium

68 1543 204 1605 reddidit,
223 1547 256 1593 ut
265 1541 377 1600 nullum
387 1541 418 1592 iu
432 1555 468 1592 ea
480 1541 586 1594 bellum
599 1543 744 1596 rideretur
759 1546 855 1597 multis

68 1611 255 1666 aunisfuisse.

119 1679 858 1747 llllreuutremutantiaperactis-,fidenatium
890 1701 898 1708 ·
966 1720 976 1748 ¹.

8 1783 9 1794 ι
67 1757 153 1822 atque
162 1751 269 1805 infesto
276 1751 419 1818 Romanis,
438 1765 493 1818 quo
505 1750 614 1803 facilius
625 1767 736 1806 causam
750 1753 856 1806 bellan·

8 1823 9 1836 ¹
67 1822 95 1873 di
106 1823 256 1889 reperiret,
277 1819 383 1883 effecit,
401 1825 434 1872 ut
446 1823 601 1888 imperator
613 1836 676 1875 curn
692 1825 816 1876 exercitu
826 1827 869 1878 iu·

8 1885 9 1954 f
64 1889 232 1960 Hispaniam
250 1893 424 1955 mitteretur,
444 1905 535 1960 eoque
552 1906 648 1948 seeum
666 1891 746 1946 duxit
765 1894 864 1948 lilium·

8 2009 9 2020 ,
64 1961 269 2026 Hannibalem,
288 1975 547 2022 annorumuovem,
586 1961 612 2014 2
627 1962 700 2019 Erat
708 1969 855 2031 praeterea

65 2045 128 2082 carm
140 2045 175 2084 eo
185 2031 349 2084 adolescens
362 2031 494 2094 illustris,
513 2031 666 2097 formosus,
684 2034 854 2099 Hasdrubal,
865 2059 882 2101 ,¹
900 2045 922 2115 'f
952 2038 957 2051 ¹

8 2165 9 2168 Ἴ
65 2114 151 2168 quem
161 2100 291 2152 nonnulli
299 2100 376 2168 diligi
386 2102 503 2168 turpius,
514 2117 598 2170 paam
609 2117 661 2170 par
671 2108 740 2168 erat,
752 2104 786 2156 alr
798 2105 864 2187 lla-p

8 2171 10 2190 ⁸
64 2171 181 2222 milcare
192 2170 387 2238 loquebantur.
422 2169 569 2224 Noncnim
584 2173 714 2236 maledici
726 2179 805 2226 tanto
815 2167 889 2228 uui

8 2253 10 2272 ι
63 2240 353 2306 rddeessepoterant.
389 2238 567 2301 Quosactum
578 2248 633 2306 ert,
644 2237 872 2310 utapraefecto'
894 2259 900 2299 ,·

61 2324 174 2362 urorum
185 2308 347 2362 Hasdrubal
356 2324 418 2364 oum
430 2316 617 2364 cunctaretur
628 2325 698 2365 esse
725 2312 808 2363 Huic
820 2313 857 2363 ila
887 2319 898 2341 ι·

61 2378 91 2432 le
111 2379 201 2430 filiam
215 2392 294 2430 suam
309 2379 340 2432 in
352 2379 560 2432 matrimonium
571 2381 662 2445 dedit,
681 2381 756 2450 quod
769 2382 853 2434 mori·
878 2438 880 2447 ,
959 2391 964 2398 '

61 2447 118 2500 bus
146 2463 241 2501 eorum
271 2462 329 2500 non
352 2454 464 2515 poterat
485 2450 616 2504 interdici
639 2465 737 2504 socero
757 2466 851 2518 gouer.

8 2569 10 2576 ,
61 2516 87 2570 3.
106 2515 468 2571 Dehocideomeutioaem
485 2517 618 2584 fecimus,
635 2521 727 2590 quod,
744 2522 852 2575 Hamil·

61 2601 129 2640 care
140 2589 261 2651 occisso,
271 2587 320 2640 ille
330 2589 468 2641 exercitui·
475 2589 617 2662 praefuit,
626 2603 727 2658 reaque
738 2605 852 2661 magnas

61 2657 165 2725 gessll3
176 2659 206 2710 et
216 2655 344 2725 princeps
355 2657 504 2727 largitione
513 2665 639 2713 vetrutos
649 2663 784 2727 peruertit
794 2675 853 2713 mo·

60 2739 108 2778 rea
131 2724 416 2793 Carthaginiensium
442 2730 622 2798 eiusdemque
646 2736 851 2797 postmortem

60 2795 205 2850 Hannibal
216 2796 250 2849 ab
261 2799 388 2853 exercitu
395 2799 503 2868 accepit
520 2800 677 2868 inparium.
