<?xml version="1.0" encoding="UTF-8"?>
<!DOCTYPE html PUBLIC "-//W3C//DTD XHTML 1.0 Transitional//EN"
    "http://www.w3.org/TR/xhtml1/DTD/xhtml1-transitional.dtd">
<html xmlns="http://www.w3.org/1999/xhtml" xml:lang="en" lang="en">
 <head>
  <title>
</title>
<meta http-equiv="Content-Type" content="text/html;charset=utf-8" />
  <meta name='ocr-system' content='tesseract 3.04.00' />
  <meta name='ocr-capabilities' content='ocr_page ocr_carea ocr_par ocr_line ocrx_word'/>
</head>
<body>
  <div class='ocr_page' id='page_1' title='image "./corneliinepotis00weisgoog_0113.png"; bbox 0 0 2054 2956; ppageno 0'>
   <div class='ocr_carea' id='block_1_1' title="bbox 166 57 913 140">
    <p class='ocr_par' dir='ltr' id='par_1_1' title="bbox 166 57 913 140">
     <span class='ocr_line' id='line_1_1' title="bbox 166 57 913 140; baseline 0.001 -26"><span class='ocrx_word' id='word_1_1' title='bbox 166 59 223 114; x_wconf 80' lang='lat' dir='ltr'><strong>oa·</strong></span> <span class='ocrx_word' id='word_1_2' title='bbox 306 57 849 118; x_wconf 76' lang='lat' dir='ltr'><strong>xxunusuurannur-u</strong></span> <span class='ocrx_word' id='word_1_3' title='bbox 909 133 913 140; x_wconf 72' lang='lat'><strong>,</strong></span> 
     </span>
    </p>
   </div>
   <div class='ocr_carea' id='block_1_2' title="bbox 91 163 1022 2730">
    <p class='ocr_par' dir='ltr' id='par_1_2' title="bbox 91 163 1022 2730">
     <span class='ocr_line' id='line_1_2' title="bbox 166 163 1022 234; baseline -0.006 -17"><span class='ocrx_word' id='word_1_4' title='bbox 166 165 288 232; x_wconf 73' lang='lat' dir='ltr'><strong>subegit3</strong></span> <span class='ocrx_word' id='word_1_5' title='bbox 308 164 471 232; x_wconf 85' lang='lat' dir='ltr'><strong>Saguntum,</strong></span> <span class='ocrx_word' id='word_1_6' title='bbox 480 163 653 216; x_wconf 77' lang='lat' dir='ltr'><strong>foederatam</strong></span> <span class='ocrx_word' id='word_1_7' title='bbox 664 167 816 226; x_wconf 79' lang='lat' dir='ltr'><strong>civitatem,</strong></span> <span class='ocrx_word' id='word_1_8' title='bbox 831 167 858 216; x_wconf 84' lang='lat' dir='ltr'><strong>vi</strong></span> <span class='ocrx_word' id='word_1_9' title='bbox 870 182 963 234; x_wconf 83' lang='lat' dir='ltr'><strong>expu·</strong></span> <span class='ocrx_word' id='word_1_10' title='bbox 1021 201 1022 212; x_wconf 65' lang='grc'>,</span> 
     </span>
     <span class='ocr_line' id='line_1_3' title="bbox 168 231 1022 300; baseline 0.007 -16"><span class='ocrx_word' id='word_1_11' title='bbox 168 238 276 297; x_wconf 59' lang='lat' dir='ltr'><strong>vuarim</strong></span> <span class='ocrx_word' id='word_1_12' title='bbox 288 241 346 284; x_wconf 90' lang='lat' dir='ltr'><strong>tres</strong></span> <span class='ocrx_word' id='word_1_13' title='bbox 358 236 496 284; x_wconf 82' lang='lat' dir='ltr'><strong>exercitus</strong></span> <span class='ocrx_word' id='word_1_14' title='bbox 507 236 640 284; x_wconf 80' lang='lat' dir='ltr'><strong>maximos</strong></span> <span class='ocrx_word' id='word_1_15' title='bbox 652 238 830 300; x_wconf 81' lang='lat' dir='ltr'><strong>compararit.</strong></span> <span class='ocrx_word' id='word_1_16' title='bbox 867 231 892 286; x_wconf 78' lang='grc'><strong>3.</strong></span> <span class='ocrx_word' id='word_1_17' title='bbox 913 239 964 290; x_wconf 82' lang='lat' dir='ltr'><strong>Ex</strong></span> <span class='ocrx_word' id='word_1_18' title='bbox 1021 235 1022 262; x_wconf 58' lang='lat'><em>³</em></span> 
     </span>
     <span class='ocr_line' id='line_1_4' title="bbox 166 273 1022 366; baseline 0.002 -11"><span class='ocrx_word' id='word_1_19' title='bbox 166 273 209 355; x_wconf 54' lang='lat' dir='ltr'><strong>fiis</strong></span> <span class='ocrx_word' id='word_1_20' title='bbox 218 320 304 354; x_wconf 91' lang='lat' dir='ltr'><strong>unum</strong></span> <span class='ocrx_word' id='word_1_21' title='bbox 314 305 343 353; x_wconf 89' lang='lat' dir='ltr'><strong>in</strong></span> <span class='ocrx_word' id='word_1_22' title='bbox 354 302 475 354; x_wconf 73' lang='lat' dir='ltr'><strong>Africam</strong></span> <span class='ocrx_word' id='word_1_23' title='bbox 487 303 692 366; x_wconf 62' lang='lat' dir='ltr'><strong>rrrisi3,alterunr</strong></span> <span class='ocrx_word' id='word_1_24' title='bbox 705 319 765 354; x_wconf 90' lang='lat' dir='ltr'><strong>cum</strong></span> <span class='ocrx_word' id='word_1_25' title='bbox 777 305 962 358; x_wconf 75' lang='lat' dir='ltr'>Hasdrubale</span> <span class='ocrx_word' id='word_1_26' title='bbox 1021 329 1022 336; x_wconf 50' lang='lat'>¹</span> 
     </span>
     <span class='ocr_line' id='line_1_5' title="bbox 168 371 1022 440; baseline 0.002 -16"><span class='ocrx_word' id='word_1_27' title='bbox 168 373 256 424; x_wconf 84' lang='lat' dir='ltr'><strong>fratre</strong></span> <span class='ocrx_word' id='word_1_28' title='bbox 274 374 302 422; x_wconf 90' lang='lat' dir='ltr'><strong>in</strong></span> <span class='ocrx_word' id='word_1_29' title='bbox 313 373 450 438; x_wconf 81' lang='lat' dir='ltr'>Hispania</span> <span class='ocrx_word' id='word_1_30' title='bbox 465 373 591 440; x_wconf 88' lang='lat' dir='ltr'><strong>reliquit,</strong></span> <span class='ocrx_word' id='word_1_31' title='bbox 612 371 725 424; x_wconf 83' lang='lat' dir='ltr'><strong>tertium</strong></span> <span class='ocrx_word' id='word_1_32' title='bbox 743 374 769 422; x_wconf 91' lang='lat' dir='ltr'><strong>in</strong></span> <span class='ocrx_word' id='word_1_33' title='bbox 784 374 896 424; x_wconf 88' lang='lat' dir='ltr'><strong>ltaliam</strong></span> <span class='ocrx_word' id='word_1_34' title='bbox 915 391 961 426; x_wconf 88' lang='lat' dir='ltr'><strong>se·</strong></span> <span class='ocrx_word' id='word_1_35' title='bbox 1021 371 1022 376; x_wconf 66' lang='grc'>’</span> 
     </span>
     <span class='ocr_line' id='line_1_6' title="bbox 168 441 962 507; baseline 0.001 -12"><span class='ocrx_word' id='word_1_36' title='bbox 168 459 230 495; x_wconf 91' lang='lat' dir='ltr'><strong>cum</strong></span> <span class='ocrx_word' id='word_1_37' title='bbox 256 442 341 492; x_wconf 81' lang='lat' dir='ltr'><strong>duxit.</strong></span> <span class='ocrx_word' id='word_1_38' title='bbox 388 441 497 492; x_wconf 82' lang='lat' dir='ltr'><strong>Saltum</strong></span> <span class='ocrx_word' id='word_1_39' title='bbox 522 441 697 507; x_wconf 80' lang='lat' dir='ltr'><strong>Pyrenaeum</strong></span> <span class='ocrx_word' id='word_1_40' title='bbox 716 445 836 493; x_wconf 83' lang='lat' dir='ltr'><strong>transiit.</strong></span> <span class='ocrx_word' id='word_1_41' title='bbox 885 445 962 506; x_wconf 77' lang='lat' dir='ltr'><strong>Qua·</strong></span> 
     </span>
     <span class='ocr_line' id='line_1_7' title="bbox 168 511 1022 579; baseline 0 -15"><span class='ocrx_word' id='word_1_42' title='bbox 168 527 284 579; x_wconf 89' lang='lat' dir='ltr'><strong>cumque</strong></span> <span class='ocrx_word' id='word_1_43' title='bbox 295 512 349 561; x_wconf 83' lang='lat' dir='ltr'><strong>iter</strong></span> <span class='ocrx_word' id='word_1_44' title='bbox 360 511 499 573; x_wconf 74' lang='lat' dir='ltr'><strong>feeitcum</strong></span> <span class='ocrx_word' id='word_1_45' title='bbox 512 513 637 561; x_wconf 74' lang='lat' dir='ltr'><strong>omnibus</strong></span> <span class='ocrx_word' id='word_1_46' title='bbox 649 511 745 562; x_wconf 86' lang='lat' dir='ltr'><strong>incolis</strong></span> <span class='ocrx_word' id='word_1_47' title='bbox 759 511 899 575; x_wconf 81' lang='lat' dir='ltr'><strong>consslxit3</strong></span> <span class='ocrx_word' id='word_1_48' title='bbox 911 529 962 564; x_wconf 90' lang='lat' dir='ltr'><strong>ne·</strong></span> <span class='ocrx_word' id='word_1_49' title='bbox 1021 519 1022 546; x_wconf 71' lang='lat'><em>³</em></span> 
     </span>
     <span class='ocr_line' id='line_1_8' title="bbox 167 579 961 646; baseline 0.001 -13"><span class='ocrx_word' id='word_1_50' title='bbox 167 585 283 642; x_wconf 76' lang='lat' dir='ltr'><strong>crinem,</strong></span> <span class='ocrx_word' id='word_1_51' title='bbox 303 583 356 631; x_wconf 92' lang='lat' dir='ltr'><strong>nisi</strong></span> <span class='ocrx_word' id='word_1_52' title='bbox 366 582 483 642; x_wconf 87' lang='lat' dir='ltr'><strong>vietum,</strong></span> <span class='ocrx_word' id='word_1_53' title='bbox 502 581 615 630; x_wconf 83' lang='lat' dir='ltr'><strong>dimisit.</strong></span> <span class='ocrx_word' id='word_1_54' title='bbox 651 579 677 630; x_wconf 83' lang='grc'><strong>4.</strong></span> <span class='ocrx_word' id='word_1_55' title='bbox 696 580 737 631; x_wconf 87' lang='lat' dir='ltr'><strong>Ad</strong></span> <span class='ocrx_word' id='word_1_56' title='bbox 748 581 831 646; x_wconf 74' lang='lat' dir='ltr'><strong>Alpes</strong></span> <span class='ocrx_word' id='word_1_57' title='bbox 847 587 961 646; x_wconf 88' lang='lat' dir='ltr'><strong>postea-</strong></span> 
     </span>
     <span class='ocr_line' id='line_1_9' title="bbox 168 649 960 720; baseline 0.001 -20"><span class='ocrx_word' id='word_1_58' title='bbox 168 665 250 720; x_wconf 86' lang='lat' dir='ltr'>quam</span> <span class='ocrx_word' id='word_1_59' title='bbox 261 652 349 712; x_wconf 83' lang='lat' dir='ltr'><strong>venit,</strong></span> <span class='ocrx_word' id='word_1_60' title='bbox 365 665 435 718; x_wconf 83' lang='lat' dir='ltr'><strong>quae</strong></span> <span class='ocrx_word' id='word_1_61' title='bbox 445 649 553 700; x_wconf 87' lang='lat' dir='ltr'><strong>ltaliam</strong></span> <span class='ocrx_word' id='word_1_62' title='bbox 566 651 599 700; x_wconf 89' lang='lat' dir='ltr'><strong>ab</strong></span> <span class='ocrx_word' id='word_1_63' title='bbox 610 649 702 700; x_wconf 86' lang='lat' dir='ltr'><strong>Gallia</strong></span> <span class='ocrx_word' id='word_1_64' title='bbox 713 653 876 717; x_wconf 79' lang='lat' dir='ltr'><strong>seiungunt,</strong></span> <span class='ocrx_word' id='word_1_65' title='bbox 888 667 960 718; x_wconf 84' lang='lat' dir='ltr'><strong>quas</strong></span> 
     </span>
     <span class='ocr_line' id='line_1_10' title="bbox 167 721 1022 786; baseline 0 -15"><span class='ocrx_word' id='word_1_66' title='bbox 167 737 249 772; x_wconf 86' lang='lat' dir='ltr'><strong>nemo</strong></span> <span class='ocrx_word' id='word_1_67' title='bbox 270 734 399 786; x_wconf 82' lang='lat' dir='ltr'><strong>umquam</strong></span> <span class='ocrx_word' id='word_1_68' title='bbox 421 735 483 771; x_wconf 88' lang='lat' dir='ltr'><strong>cum</strong></span> <span class='ocrx_word' id='word_1_69' title='bbox 504 721 628 771; x_wconf 82' lang='lat' dir='ltr'><strong>exercitu</strong></span> <span class='ocrx_word' id='word_1_70' title='bbox 653 727 718 770; x_wconf 90' lang='lat' dir='ltr'><strong>ante</strong></span> <span class='ocrx_word' id='word_1_71' title='bbox 742 736 818 781; x_wconf 90' lang='lat' dir='ltr'><strong>eum,</strong></span> <span class='ocrx_word' id='word_1_72' title='bbox 843 729 960 786; x_wconf 87' lang='lat' dir='ltr'><strong>praeter</strong></span> <span class='ocrx_word' id='word_1_73' title='bbox 1021 765 1022 786; x_wconf 70' lang='lat'><strong>,</strong></span> 
     </span>
     <span class='ocr_line' id='line_1_11' title="bbox 166 788 1022 855; baseline -0.001 -14"><span class='ocrx_word' id='word_1_74' title='bbox 166 790 318 842; x_wconf 79' lang='lat' dir='ltr'>Herculem</span> <span class='ocrx_word' id='word_1_75' title='bbox 334 789 461 848; x_wconf 86' lang='lat' dir='ltr'><strong>Graium,</strong></span> <span class='ocrx_word' id='word_1_76' title='bbox 481 790 633 840; x_wconf 81' lang='lat' dir='ltr'><strong>transierat</strong></span> <span class='ocrx_word' id='word_1_77' title='bbox 653 791 724 855; x_wconf 91' lang='lat' dir='ltr'><strong>(quo</strong></span> <span class='ocrx_word' id='word_1_78' title='bbox 741 789 816 840; x_wconf 84' lang='lat' dir='ltr'><strong>lacto</strong></span> <span class='ocrx_word' id='word_1_79' title='bbox 832 792 855 838; x_wconf 85' lang='lat' dir='ltr'><strong>is</strong></span> <span class='ocrx_word' id='word_1_80' title='bbox 871 788 957 840; x_wconf 89' lang='lat' dir='ltr'><strong>hodie</strong></span> <span class='ocrx_word' id='word_1_81' title='bbox 1021 851 1022 854; x_wconf 8' lang='grc' dir='ltr'><strong>Ἴ</strong></span> 
     </span>
     <span class='ocr_line' id='line_1_12' title="bbox 166 857 958 924; baseline -0.003 -14"><span class='ocrx_word' id='word_1_82' title='bbox 166 861 254 911; x_wconf 83' lang='lat' dir='ltr'><strong>saltus</strong></span> <span class='ocrx_word' id='word_1_83' title='bbox 266 859 367 910; x_wconf 82' lang='lat' dir='ltr'><strong>Graius</strong></span> <span class='ocrx_word' id='word_1_84' title='bbox 379 857 562 924; x_wconf 71' lang='lat' dir='ltr'><strong>appellatum:</strong></span> <span class='ocrx_word' id='word_1_85' title='bbox 581 857 704 924; x_wconf 77' lang='lat' dir='ltr'><strong>Alpicos,</strong></span> <span class='ocrx_word' id='word_1_86' title='bbox 721 863 853 923; x_wconf 76' lang='lat' dir='ltr'><strong>conantes</strong></span> <span class='ocrx_word' id='word_1_87' title='bbox 864 857 958 924; x_wconf 90' lang='lat' dir='ltr'><strong>prohi-</strong></span> 
     </span>
     <span class='ocr_line' id='line_1_13' title="bbox 166 926 958 992; baseline -0.004 -11"><span class='ocrx_word' id='word_1_88' title='bbox 166 929 232 986; x_wconf 89' lang='lat' dir='ltr'><strong>bere</strong></span> <span class='ocrx_word' id='word_1_89' title='bbox 248 929 381 988; x_wconf 90' lang='lat' dir='ltr'><strong>transitu,</strong></span> <span class='ocrx_word' id='word_1_90' title='bbox 400 927 532 988; x_wconf 77' lang='lat' dir='ltr'><strong>concidit,</strong></span> <span class='ocrx_word' id='word_1_91' title='bbox 554 926 616 978; x_wconf 86' lang='lat' dir='ltr'><strong>loca</strong></span> <span class='ocrx_word' id='word_1_92' title='bbox 626 927 770 992; x_wconf 82' lang='lat' dir='ltr'><strong>patefecit,</strong></span> <span class='ocrx_word' id='word_1_93' title='bbox 782 929 883 978; x_wconf 87' lang='lat' dir='ltr'><strong>itinera</strong></span> <span class='ocrx_word' id='word_1_94' title='bbox 898 941 958 978; x_wconf 89' lang='lat' dir='ltr'><strong>mu·</strong></span> 
     </span>
     <span class='ocr_line' id='line_1_14' title="bbox 166 993 1022 1064; baseline -0.004 -15"><span class='ocrx_word' id='word_1_95' title='bbox 166 1001 230 1060; x_wconf 84' lang='lat' dir='ltr'><strong>ulit,</strong></span> <span class='ocrx_word' id='word_1_96' title='bbox 247 995 339 1049; x_wconf 80' lang='lat' dir='ltr'><strong>effecit</strong></span> <span class='ocrx_word' id='word_1_97' title='bbox 351 995 443 1064; x_wconf 91' lang='lat' dir='ltr'><strong>[que]‚</strong></span> <span class='ocrx_word' id='word_1_98' title='bbox 454 1001 485 1045; x_wconf 92' lang='lat' dir='ltr'><strong>ut</strong></span> <span class='ocrx_word' id='word_1_99' title='bbox 495 1011 527 1046; x_wconf 87' lang='lat' dir='ltr'><strong>ea</strong></span> <span class='ocrx_word' id='word_1_100' title='bbox 538 993 702 1062; x_wconf 81' lang='lat' dir='ltr'><strong>elephantus</strong></span> <span class='ocrx_word' id='word_1_101' title='bbox 714 1004 829 1047; x_wconf 90' lang='lat' dir='ltr'><strong>ornatus</strong></span> <span class='ocrx_word' id='word_1_102' title='bbox 841 999 882 1048; x_wconf 91' lang='lat' dir='ltr'><strong>ire</strong></span> <span class='ocrx_word' id='word_1_103' title='bbox 894 1013 959 1063; x_wconf 85' lang='lat' dir='ltr'><strong>pos-</strong></span> <span class='ocrx_word' id='word_1_104' title='bbox 1021 995 1022 1026; x_wconf 72' lang='lat'><em>3</em></span> 
     </span>
     <span class='ocr_line' id='line_1_15' title="bbox 165 1064 1022 1134; baseline -0.001 -15"><span class='ocrx_word' id='word_1_105' title='bbox 165 1075 221 1129; x_wconf 87' lang='lat' dir='ltr'><strong>set,</strong></span> <span class='ocrx_word' id='word_1_106' title='bbox 236 1083 291 1134; x_wconf 91' lang='lat' dir='ltr'><strong>qua</strong></span> <span class='ocrx_word' id='word_1_107' title='bbox 301 1071 384 1117; x_wconf 89' lang='lat' dir='ltr'><strong>autea</strong></span> <span class='ocrx_word' id='word_1_108' title='bbox 398 1080 470 1116; x_wconf 83' lang='lat' dir='ltr'><strong>unus</strong></span> <span class='ocrx_word' id='word_1_109' title='bbox 489 1064 572 1116; x_wconf 88' lang='lat' dir='ltr'><strong>homo</strong></span> <span class='ocrx_word' id='word_1_110' title='bbox 592 1068 707 1116; x_wconf 84' lang='lat' dir='ltr'><strong>inermis</strong></span> <span class='ocrx_word' id='word_1_111' title='bbox 726 1069 771 1116; x_wconf 81' lang='lat' dir='ltr'><strong>rix</strong></span> <span class='ocrx_word' id='word_1_112' title='bbox 792 1071 903 1132; x_wconf 88' lang='lat' dir='ltr'><strong>poterat</strong></span> <span class='ocrx_word' id='word_1_113' title='bbox 915 1082 961 1118; x_wconf 79' lang='lat' dir='ltr'><strong>re·</strong></span> <span class='ocrx_word' id='word_1_114' title='bbox 1021 1071 1022 1092; x_wconf 78' lang='lat'>³</span> 
     </span>
     <span class='ocr_line' id='line_1_16' title="bbox 166 1135 958 1206; baseline -0.001 -17"><span class='ocrx_word' id='word_1_115' title='bbox 166 1151 240 1206; x_wconf 89' lang='lat' dir='ltr'><strong>pere.</strong></span> <span class='ocrx_word' id='word_1_116' title='bbox 277 1136 339 1186; x_wconf 86' lang='lat' dir='ltr'><strong>Hae</strong></span> <span class='ocrx_word' id='word_1_117' title='bbox 355 1136 449 1206; x_wconf 77' lang='lat' dir='ltr'><strong>copias</strong></span> <span class='ocrx_word' id='word_1_118' title='bbox 468 1135 607 1199; x_wconf 84' lang='lat' dir='ltr'><strong>traduxit,</strong></span> <span class='ocrx_word' id='word_1_119' title='bbox 627 1137 656 1188; x_wconf 88' lang='lat' dir='ltr'><strong>in</strong></span> <span class='ocrx_word' id='word_1_120' title='bbox 675 1135 842 1204; x_wconf 78' lang='lat' dir='ltr'><strong>Italiamque</strong></span> <span class='ocrx_word' id='word_1_121' title='bbox 860 1151 958 1202; x_wconf 84' lang='lat' dir='ltr'><strong>perre-</strong></span> 
     </span>
     <span class='ocr_line' id='line_1_17' title="bbox 165 1207 715 1257; baseline -0.002 0"><span class='ocrx_word' id='word_1_122' title='bbox 165 1207 215 1257; x_wconf 83' lang='lat' dir='ltr'><strong>nit.</strong></span> <span class='ocrx_word' id='word_1_123' title='bbox 283 1221 285 1227; x_wconf 60' lang='lat'>‘</span> <span class='ocrx_word' id='word_1_124' title='bbox 395 1231 397 1236; x_wconf 96' lang='lat'>·</span> <span class='ocrx_word' id='word_1_125' title='bbox 708 1213 715 1227; x_wconf 82' lang='lat'><em>&#39;</em></span> 
     </span>
     <span class='ocr_line' id='line_1_18' title="bbox 217 1272 1022 1340; baseline 0.002 -15"><span class='ocrx_word' id='word_1_126' title='bbox 217 1272 264 1325; x_wconf 90' lang='lat' dir='ltr'><strong>lV.</strong></span> <span class='ocrx_word' id='word_1_127' title='bbox 283 1273 454 1325; x_wconf 80' lang='lat' dir='ltr'><strong>Condixerat</strong></span> <span class='ocrx_word' id='word_1_128' title='bbox 464 1274 537 1340; x_wconf 86' lang='lat' dir='ltr'><strong>apud</strong></span> <span class='ocrx_word' id='word_1_129' title='bbox 548 1273 712 1326; x_wconf 81' lang='lat' dir='ltr'><strong>Rhodanum</strong></span> <span class='ocrx_word' id='word_1_130' title='bbox 724 1274 831 1332; x_wconf 88' lang='lat' dir='ltr'><strong>eumP.</strong></span> <span class='ocrx_word' id='word_1_131' title='bbox 854 1275 958 1338; x_wconf 86' lang='lat' dir='ltr'><strong>qune·</strong></span> <span class='ocrx_word' id='word_1_132' title='bbox 1021 1297 1022 1306; x_wconf 50' lang='lat'>³</span> 
     </span>
     <span class='ocr_line' id='line_1_19' title="bbox 166 1335 956 1412; baseline -0.003 -16"><span class='ocrx_word' id='word_1_133' title='bbox 166 1345 205 1397; x_wconf 92' lang='lat' dir='ltr'><strong>lio</strong></span> <span class='ocrx_word' id='word_1_134' title='bbox 217 1343 347 1410; x_wconf 81' lang='lat' dir='ltr'><strong>Scipione</strong></span> <span class='ocrx_word' id='word_1_135' title='bbox 363 1345 424 1394; x_wconf 85' lang='lat' dir='ltr'><strong>Cos.</strong></span> <span class='ocrx_word' id='word_1_136' title='bbox 444 1335 563 1412; x_wconf 80' lang='lat' dir='ltr'><strong>eumqrie</strong></span> <span class='ocrx_word' id='word_1_137' title='bbox 575 1346 729 1410; x_wconf 79' lang='lat' dir='ltr'><strong>pepulerat.</strong></span> <span class='ocrx_word' id='word_1_138' title='bbox 766 1345 834 1395; x_wconf 86' lang='lat' dir='ltr'><strong>Cum</strong></span> <span class='ocrx_word' id='word_1_139' title='bbox 846 1343 899 1395; x_wconf 88' lang='lat' dir='ltr'><strong>hoc</strong></span> <span class='ocrx_word' id='word_1_140' title='bbox 909 1359 956 1396; x_wconf 89' lang='lat' dir='ltr'><strong>eo-</strong></span> 
     </span>
     <span class='ocr_line' id='line_1_20' title="bbox 134 1412 955 1484; baseline 0 -18"><span class='ocrx_word' id='word_1_141' title='bbox 134 1413 140 1430; x_wconf 52' lang='lat'><em>*</em></span> <span class='ocrx_word' id='word_1_142' title='bbox 167 1415 229 1466; x_wconf 88' lang='lat' dir='ltr'><strong>dem</strong></span> <span class='ocrx_word' id='word_1_143' title='bbox 242 1412 310 1484; x_wconf 86' lang='lat' dir='ltr'><strong>[de]</strong></span> <span class='ocrx_word' id='word_1_144' title='bbox 324 1414 456 1464; x_wconf 84' lang='lat' dir='ltr'><strong>Clastidio</strong></span> <span class='ocrx_word' id='word_1_145' title='bbox 473 1414 544 1478; x_wconf 88' lang='lat' dir='ltr'><strong>apud</strong></span> <span class='ocrx_word' id='word_1_146' title='bbox 556 1413 661 1464; x_wconf 90' lang='lat' dir='ltr'><strong>Padum</strong></span> <span class='ocrx_word' id='word_1_147' title='bbox 674 1414 810 1476; x_wconf 82' lang='lat' dir='ltr'><strong>decernitr</strong></span> <span class='ocrx_word' id='word_1_148' title='bbox 830 1416 955 1466; x_wconf 85' lang='lat' dir='ltr'><strong>saucium</strong></span> 
     </span>
     <span class='ocr_line' id='line_1_21' title="bbox 165 1483 956 1550; baseline 0.001 -16"><span class='ocrx_word' id='word_1_149' title='bbox 165 1484 280 1536; x_wconf 78' lang='lat' dir='ltr'><strong>inde&#39;ac</strong></span> <span class='ocrx_word' id='word_1_150' title='bbox 300 1483 426 1550; x_wconf 77' lang='lat' dir='ltr'><strong>fugatum</strong></span> <span class='ocrx_word' id='word_1_151' title='bbox 447 1483 569 1534; x_wconf 88' lang='lat' dir='ltr'><strong>dimittit.</strong></span> <span class='ocrx_word' id='word_1_152' title='bbox 605 1483 630 1536; x_wconf 77' lang='lat'><em>2</em></span> <span class='ocrx_word' id='word_1_153' title='bbox 649 1485 746 1534; x_wconf 80' lang='lat' dir='ltr'><strong>Tertio</strong></span> <span class='ocrx_word' id='word_1_154' title='bbox 767 1485 839 1534; x_wconf 87' lang='lat' dir='ltr'><strong>idem</strong></span> <span class='ocrx_word' id='word_1_155' title='bbox 861 1483 956 1550; x_wconf 87' lang='lat' dir='ltr'><strong>Scipio</strong></span> 
     </span>
     <span class='ocr_line' id='line_1_22' title="bbox 167 1551 958 1624; baseline -0.004 -19"><span class='ocrx_word' id='word_1_156' title='bbox 167 1570 232 1605; x_wconf 88' lang='lat' dir='ltr'><strong>cum</strong></span> <span class='ocrx_word' id='word_1_157' title='bbox 240 1553 361 1621; x_wconf 84' lang='lat' dir='ltr'><strong>collega,</strong></span> <span class='ocrx_word' id='word_1_158' title='bbox 381 1553 494 1603; x_wconf 84' lang='lat' dir='ltr'><strong>Tiberio</strong></span> <span class='ocrx_word' id='word_1_159' title='bbox 506 1553 616 1620; x_wconf 77' lang='lat' dir='ltr'><strong>Longo,</strong></span> <span class='ocrx_word' id='word_1_160' title='bbox 637 1551 709 1618; x_wconf 88' lang='lat' dir='ltr'><strong>apud</strong></span> <span class='ocrx_word' id='word_1_161' title='bbox 720 1555 849 1604; x_wconf 76' lang='lat' dir='ltr'><strong>‘l’rebiam</strong></span> <span class='ocrx_word' id='word_1_162' title='bbox 862 1553 958 1624; x_wconf 67' lang='lat' dir='ltr'><strong>adver-</strong></span> 
     </span>
     <span class='ocr_line' id='line_1_23' title="bbox 166 1620 956 1680; baseline -0.003 -6"><span class='ocrx_word' id='word_1_163' title='bbox 166 1639 214 1675; x_wconf 85' lang='lat' dir='ltr'><strong>sus</strong></span> <span class='ocrx_word' id='word_1_164' title='bbox 226 1639 288 1674; x_wconf 87' lang='lat' dir='ltr'><strong>eum</strong></span> <span class='ocrx_word' id='word_1_165' title='bbox 300 1625 385 1674; x_wconf 87' lang='lat' dir='ltr'><strong>venit.</strong></span> <span class='ocrx_word' id='word_1_166' title='bbox 423 1623 490 1672; x_wconf 89' lang='lat' dir='ltr'><strong>Cum</strong></span> <span class='ocrx_word' id='word_1_167' title='bbox 502 1620 544 1672; x_wconf 81' lang='lat' dir='ltr'><strong>lris</strong></span> <span class='ocrx_word' id='word_1_168' title='bbox 560 1639 669 1672; x_wconf 87' lang='lat' dir='ltr'><strong>manum</strong></span> <span class='ocrx_word' id='word_1_169' title='bbox 691 1623 855 1680; x_wconf 60' lang='lat' dir='ltr'><strong>conseruitr¹</strong></span> <span class='ocrx_word' id='word_1_170' title='bbox 865 1628 956 1672; x_wconf 80' lang='lat' dir='ltr'><strong>utros-</strong></span> 
     </span>
     <span class='ocr_line' id='line_1_24' title="bbox 121 1691 957 1760; baseline 0.001 -19"><span class='ocrx_word' id='word_1_171' title='bbox 121 1739 129 1748; x_wconf 28' lang='lat' dir='ltr'><em>l</em></span> <span class='ocrx_word' id='word_1_172' title='bbox 166 1707 219 1760; x_wconf 91' lang='lat' dir='ltr'><strong>que</strong></span> <span class='ocrx_word' id='word_1_173' title='bbox 231 1691 394 1759; x_wconf 81' lang='lat' dir='ltr'><strong>profligavit.</strong></span> <span class='ocrx_word' id='word_1_174' title='bbox 413 1693 480 1742; x_wconf 87' lang='lat' dir='ltr'><strong>lude</strong></span> <span class='ocrx_word' id='word_1_175' title='bbox 492 1706 542 1758; x_wconf 88' lang='lat' dir='ltr'><strong>per</strong></span> <span class='ocrx_word' id='word_1_176' title='bbox 553 1693 670 1758; x_wconf 76' lang='lat' dir='ltr'><strong>Ligures</strong></span> <span class='ocrx_word' id='word_1_177' title='bbox 683 1693 854 1760; x_wconf 71' lang='lat' dir='ltr'><strong>Apenninum</strong></span> <span class='ocrx_word' id='word_1_178' title='bbox 867 1698 957 1742; x_wconf 83' lang='lat' dir='ltr'><strong>trans·</strong></span> 
     </span>
     <span class='ocr_line' id='line_1_25' title="bbox 166 1759 1022 1828; baseline 0 -16"><span class='ocrx_word' id='word_1_179' title='bbox 166 1763 212 1824; x_wconf 90' lang='lat' dir='ltr'><strong>iit,</strong></span> <span class='ocrx_word' id='word_1_180' title='bbox 232 1767 328 1826; x_wconf 81' lang='lat' dir='ltr'><strong>petens</strong></span> <span class='ocrx_word' id='word_1_181' title='bbox 343 1763 492 1823; x_wconf 82' lang='lat' dir='ltr'><strong>Etruriam.</strong></span> <span class='ocrx_word' id='word_1_182' title='bbox 537 1759 575 1812; x_wconf 70' lang='lat'><strong>3.&#39;1</strong></span> <span class='ocrx_word' id='word_1_183' title='bbox 584 1763 647 1812; x_wconf 88' lang='lat' dir='ltr'><strong>Hoc</strong></span> <span class='ocrx_word' id='word_1_184' title='bbox 666 1763 766 1814; x_wconf 86' lang='lat' dir='ltr'><strong>itinere</strong></span> <span class='ocrx_word' id='word_1_185' title='bbox 786 1761 856 1812; x_wconf 88' lang='lat' dir='ltr'><strong>adeo</strong></span> <span class='ocrx_word' id='word_1_186' title='bbox 876 1763 955 1828; x_wconf 73' lang='lat' dir='ltr'><strong>graui</strong></span> <span class='ocrx_word' id='word_1_187' title='bbox 1021 1823 1022 1826; x_wconf 8' lang='grc' dir='ltr'><strong>Ἴ</strong></span> 
     </span>
     <span class='ocr_line' id='line_1_26' title="bbox 165 1829 955 1896; baseline -0.001 -14"><span class='ocrx_word' id='word_1_188' title='bbox 165 1833 264 1882; x_wconf 88' lang='lat' dir='ltr'><strong>morbo</strong></span> <span class='ocrx_word' id='word_1_189' title='bbox 278 1832 395 1884; x_wconf 81' lang='lat' dir='ltr'><strong>afficitur</strong></span> <span class='ocrx_word' id='word_1_190' title='bbox 411 1831 568 1892; x_wconf 92' lang='lat' dir='ltr'><strong>oculorum,</strong></span> <span class='ocrx_word' id='word_1_191' title='bbox 579 1837 611 1881; x_wconf 92' lang='lat' dir='ltr'><strong>ut</strong></span> <span class='ocrx_word' id='word_1_192' title='bbox 622 1836 718 1896; x_wconf 84' lang='lat' dir='ltr'><strong>postea</strong></span> <span class='ocrx_word' id='word_1_193' title='bbox 729 1845 877 1896; x_wconf 87' lang='lat' dir='ltr'><strong>numquam</strong></span> <span class='ocrx_word' id='word_1_194' title='bbox 891 1829 955 1882; x_wconf 81' lang='lat' dir='ltr'><strong>dex·</strong></span> 
     </span>
     <span class='ocr_line' id='line_1_27' title="bbox 166 1897 1012 1968; baseline -0.005 -16"><span class='ocrx_word' id='word_1_195' title='bbox 166 1907 228 1952; x_wconf 91' lang='lat' dir='ltr'><strong>tero</strong></span> <span class='ocrx_word' id='word_1_196' title='bbox 244 1915 333 1968; x_wconf 89' lang='lat' dir='ltr'><strong>aeque</strong></span> <span class='ocrx_word' id='word_1_197' title='bbox 353 1899 423 1950; x_wconf 84' lang='lat' dir='ltr'><strong>bene</strong></span> <span class='ocrx_word' id='word_1_198' title='bbox 444 1915 510 1950; x_wconf 84' lang='lat' dir='ltr'><strong>usus</strong></span> <span class='ocrx_word' id='word_1_199' title='bbox 526 1901 575 1954; x_wconf 78' lang='lat' dir='ltr'><strong>&#39;sit</strong></span> <span class='ocrx_word' id='word_1_200' title='bbox 611 1901 673 1962; x_wconf 78' lang='lat' dir='ltr'><strong>Qua</strong></span> <span class='ocrx_word' id='word_1_201' title='bbox 690 1900 849 1951; x_wconf 72' lang='lat' dir='ltr'><strong>ualetudine</strong></span> <span class='ocrx_word' id='word_1_202' title='bbox 870 1914 954 1966; x_wconf 87' lang='lat' dir='ltr'><strong>quum</strong></span> <span class='ocrx_word' id='word_1_203' title='bbox 1008 1897 1012 1904; x_wconf 88' lang='lat'>&#39;</span> 
     </span>
     <span class='ocr_line' id='line_1_28' title="bbox 166 1966 947 2036; baseline 0 -14"><span class='ocrx_word' id='word_1_204' title='bbox 166 1971 249 2022; x_wconf 89' lang='lat' dir='ltr'><strong>etiam</strong></span> <span class='ocrx_word' id='word_1_205' title='bbox 270 1983 344 2020; x_wconf 89' lang='lat' dir='ltr'><strong>nunc</strong></span> <span class='ocrx_word' id='word_1_206' title='bbox 368 1975 560 2032; x_wconf 85' lang='lat' dir='ltr'><strong>premeretur,</strong></span> <span class='ocrx_word' id='word_1_207' title='bbox 584 1966 739 2036; x_wconf 84' lang='lat' dir='ltr'><strong>lecticaque</strong></span> <span class='ocrx_word' id='word_1_208' title='bbox 761 1969 895 2030; x_wconf 81' lang='lat' dir='ltr'><strong>serretur,</strong></span> <span class='ocrx_word' id='word_1_209' title='bbox 916 1971 947 2022; x_wconf 88' lang='lat' dir='ltr'><strong>C.</strong></span> 
     </span>
     <span class='ocr_line' id='line_1_29' title="bbox 159 2037 957 2104; baseline -0.001 -14"><span class='ocrx_word' id='word_1_210' title='bbox 159 2038 333 2094; x_wconf 72' lang='lat' dir='ltr'><strong>Flaminium</strong></span> <span class='ocrx_word' id='word_1_211' title='bbox 345 2037 407 2088; x_wconf 81' lang='lat' dir='ltr'><strong>Cos.</strong></span> <span class='ocrx_word' id='word_1_212' title='bbox 423 2039 494 2104; x_wconf 89' lang='lat' dir='ltr'><strong>apud</strong></span> <span class='ocrx_word' id='word_1_213' title='bbox 505 2041 698 2090; x_wconf 80' lang='lat' dir='ltr'><strong>Trasimenum</strong></span> <span class='ocrx_word' id='word_1_214' title='bbox 710 2043 769 2089; x_wconf 76' lang='lat' dir='ltr'><strong>dum</strong></span> <span class='ocrx_word' id='word_1_215' title='bbox 783 2040 905 2090; x_wconf 85' lang='lat' dir='ltr'><strong>exercitu</strong></span> <span class='ocrx_word' id='word_1_216' title='bbox 917 2040 957 2089; x_wconf 83' lang='lat' dir='ltr'><strong>in-</strong></span> 
     </span>
     <span class='ocr_line' id='line_1_30' title="bbox 165 2109 960 2178; baseline -0.001 -19"><span class='ocrx_word' id='word_1_217' title='bbox 165 2109 243 2159; x_wconf 86' lang='lat' dir='ltr'><strong>sidiis</strong></span> <span class='ocrx_word' id='word_1_218' title='bbox 258 2109 476 2158; x_wconf 86' lang='lat' dir='ltr'><strong>circumventum</strong></span> <span class='ocrx_word' id='word_1_219' title='bbox 493 2109 607 2158; x_wconf 82' lang='lat' dir='ltr'><strong>occidit:</strong></span> <span class='ocrx_word' id='word_1_220' title='bbox 637 2125 726 2178; x_wconf 88' lang='lat' dir='ltr'><strong>neque</strong></span> <span class='ocrx_word' id='word_1_221' title='bbox 743 2109 832 2160; x_wconf 90' lang='lat' dir='ltr'><strong>multo</strong></span> <span class='ocrx_word' id='word_1_222' title='bbox 848 2113 910 2174; x_wconf 84' lang='lat' dir='ltr'><strong>post</strong></span> <span class='ocrx_word' id='word_1_223' title='bbox 925 2110 960 2160; x_wconf 73' lang='lat' dir='ltr'><strong>C:</strong></span> 
     </span>
     <span class='ocr_line' id='line_1_31' title="bbox 165 2177 953 2244; baseline 0 -14"><span class='ocrx_word' id='word_1_224' title='bbox 165 2179 329 2230; x_wconf 83' lang='lat' dir='ltr'><strong>Centenium</strong></span> <span class='ocrx_word' id='word_1_225' title='bbox 339 2183 511 2244; x_wconf 85' lang='lat' dir='ltr'><strong>praetorem,</strong></span> <span class='ocrx_word' id='word_1_226' title='bbox 523 2191 582 2228; x_wconf 91' lang='lat' dir='ltr'><strong>cum</strong></span> <span class='ocrx_word' id='word_1_227' title='bbox 596 2177 704 2229; x_wconf 81' lang='lat' dir='ltr'><strong>delecta</strong></span> <span class='ocrx_word' id='word_1_228' title='bbox 715 2194 798 2229; x_wconf 88' lang='lat' dir='ltr'><strong>manu</strong></span> <span class='ocrx_word' id='word_1_229' title='bbox 809 2177 898 2228; x_wconf 85' lang='lat' dir='ltr'><strong>saltus</strong></span> <span class='ocrx_word' id='word_1_230' title='bbox 910 2192 953 2230; x_wconf 89' lang='lat' dir='ltr'><strong>oc·</strong></span> 
     </span>
     <span class='ocr_line' id='line_1_32' title="bbox 91 2246 1022 2314; baseline -0.002 -16"><span class='ocrx_word' id='word_1_231' title='bbox 91 2262 95 2270; x_wconf 90' lang='grc'><strong><em>·</em></strong></span> <span class='ocrx_word' id='word_1_232' title='bbox 165 2252 321 2314; x_wconf 86' lang='lat' dir='ltr'><strong>eupantem.</strong></span> <span class='ocrx_word' id='word_1_233' title='bbox 357 2247 430 2297; x_wconf 87' lang='lat' dir='ltr'><strong>Hinc</strong></span> <span class='ocrx_word' id='word_1_234' title='bbox 440 2249 468 2296; x_wconf 92' lang='lat' dir='ltr'><strong>in</strong></span> <span class='ocrx_word' id='word_1_235' title='bbox 485 2248 613 2312; x_wconf 79' lang='lat' dir='ltr'><strong>Apuliam</strong></span> <span class='ocrx_word' id='word_1_236' title='bbox 634 2249 767 2313; x_wconf 87' lang='lat' dir='ltr'><strong>pervenit.</strong></span> <span class='ocrx_word' id='word_1_237' title='bbox 803 2246 830 2298; x_wconf 83' lang='lat'><strong>4.</strong></span> <span class='ocrx_word' id='word_1_238' title='bbox 850 2247 890 2298; x_wconf 86' lang='lat' dir='ltr'><strong>lbi</strong></span> <span class='ocrx_word' id='word_1_239' title='bbox 907 2246 952 2297; x_wconf 86' lang='lat' dir='ltr'><strong>ob·</strong></span> <span class='ocrx_word' id='word_1_240' title='bbox 1021 2303 1022 2314; x_wconf 13' lang='grc' dir='ltr'>γ</span> 
     </span>
     <span class='ocr_line' id='line_1_33' title="bbox 129 2315 1022 2379; baseline 0.006 -13"><span class='ocrx_word' id='word_1_241' title='bbox 129 2351 139 2360; x_wconf 86' lang='grc'>-</span> <span class='ocrx_word' id='word_1_242' title='bbox 164 2319 236 2366; x_wconf 79' lang='lat' dir='ltr'><strong>viam</strong></span> <span class='ocrx_word' id='word_1_243' title='bbox 249 2319 274 2368; x_wconf 91' lang='lat' dir='ltr'><strong>ei</strong></span> <span class='ocrx_word' id='word_1_244' title='bbox 284 2317 421 2368; x_wconf 82' lang='lat' dir='ltr'><strong>v&#39;enerunt</strong></span> <span class='ocrx_word' id='word_1_245' title='bbox 433 2316 487 2366; x_wconf 91' lang='lat' dir='ltr'><strong>duo</strong></span> <span class='ocrx_word' id='word_1_246' title='bbox 499 2315 650 2379; x_wconf 82' lang='lat' dir='ltr'><strong>Consules,</strong></span> <span class='ocrx_word' id='word_1_247' title='bbox 671 2317 699 2370; x_wconf 89' lang='lat' dir='ltr'><strong>C.</strong></span> <span class='ocrx_word' id='word_1_248' title='bbox 720 2318 870 2368; x_wconf 82' lang='lat' dir='ltr'><strong>Terentius</strong></span> <span class='ocrx_word' id='word_1_249' title='bbox 882 2321 909 2367; x_wconf 88' lang='lat' dir='ltr'><strong>et</strong></span> <span class='ocrx_word' id='word_1_250' title='bbox 920 2315 952 2371; x_wconf 74' lang='lat' dir='ltr'><strong>L‘.</strong></span> <span class='ocrx_word' id='word_1_251' title='bbox 1021 2323 1022 2332; x_wconf 77' lang='grc'>’</span> 
     </span>
     <span class='ocr_line' id='line_1_34' title="bbox 163 2385 952 2452; baseline 0 -16"><span class='ocrx_word' id='word_1_252' title='bbox 163 2385 307 2436; x_wconf 80' lang='lat' dir='ltr'><strong>Aemilius.</strong></span> <span class='ocrx_word' id='word_1_253' title='bbox 336 2385 488 2452; x_wconf 82' lang='lat' dir='ltr'><strong>Vtriusque</strong></span> <span class='ocrx_word' id='word_1_254' title='bbox 499 2389 636 2436; x_wconf 79' lang='lat' dir='ltr'><strong>exercitus</strong></span> <span class='ocrx_word' id='word_1_255' title='bbox 646 2399 702 2436; x_wconf 91' lang='lat' dir='ltr'><strong>uno</strong></span> <span class='ocrx_word' id='word_1_256' title='bbox 713 2385 820 2451; x_wconf 90' lang='lat' dir='ltr'><strong>proelio</strong></span> <span class='ocrx_word' id='word_1_257' title='bbox 832 2385 952 2452; x_wconf 75' lang='lat' dir='ltr'><strong>fugarit3</strong></span> 
     </span>
     <span class='ocr_line' id='line_1_35' title="bbox 163 2453 951 2520; baseline 0.004 -17"><span class='ocrx_word' id='word_1_258' title='bbox 163 2453 293 2504; x_wconf 87' lang='lat' dir='ltr'><strong>Paullum</strong></span> <span class='ocrx_word' id='word_1_259' title='bbox 304 2453 447 2505; x_wconf 82' lang='lat' dir='ltr'><strong>consulem</strong></span> <span class='ocrx_word' id='word_1_260' title='bbox 458 2455 602 2516; x_wconf 85' lang='lat' dir='ltr'><strong>oceidit,et</strong></span> <span class='ocrx_word' id='word_1_261' title='bbox 612 2454 719 2520; x_wconf 87' lang='lat' dir='ltr'><strong>aliquot</strong></span> <span class='ocrx_word' id='word_1_262' title='bbox 729 2460 877 2519; x_wconf 85' lang='lat' dir='ltr'><strong>praeterea</strong></span> <span class='ocrx_word' id='word_1_263' title='bbox 888 2469 951 2506; x_wconf 87' lang='lat' dir='ltr'><strong>con·</strong></span> 
     </span>
     <span class='ocr_line' id='line_1_36' title="bbox 164 2521 951 2591; baseline 0.008 -20"><span class='ocrx_word' id='word_1_264' title='bbox 164 2523 286 2584; x_wconf 77' lang='lat' dir='ltr'><strong>amares,</strong></span> <span class='ocrx_word' id='word_1_265' title='bbox 304 2524 333 2572; x_wconf 88' lang='lat' dir='ltr'><strong>in</strong></span> <span class='ocrx_word' id='word_1_266' title='bbox 348 2521 391 2572; x_wconf 84' lang='lat' dir='ltr'><strong>his</strong></span> <span class='ocrx_word' id='word_1_267' title='bbox 403 2523 451 2574; x_wconf 85' lang='lat' dir='ltr'><strong>Cn.</strong></span> <span class='ocrx_word' id='word_1_268' title='bbox 472 2521 619 2576; x_wconf 69' lang='lat' dir='ltr'><strong>Seruilium</strong></span> <span class='ocrx_word' id='word_1_269' title='bbox 636 2523 796 2588; x_wconf 86' lang='lat' dir='ltr'><strong>Genrinum,</strong></span> <span class='ocrx_word' id='word_1_270' title='bbox 816 2527 862 2591; x_wconf 92' lang='lat' dir='ltr'><strong>qui</strong></span> <span class='ocrx_word' id='word_1_271' title='bbox 877 2539 951 2588; x_wconf 74' lang='lat' dir='ltr'><strong>anuo</strong></span> 
     </span>
     <span class='ocr_line' id='line_1_37' title="bbox 149 2589 593 2657; baseline -0.002 -16"><span class='ocrx_word' id='word_1_272' title='bbox 149 2589 526 2657; x_wconf 61' lang='lat' dir='ltr'><strong>=superiorafueratconsul.</strong></span> <span class='ocrx_word' id='word_1_273' title='bbox 587 2591 593 2599; x_wconf 93' lang='lat'><em>&#39;</em></span> 
     </span>
     <span class='ocr_line' id='line_1_38' title="bbox 216 2655 953 2730; baseline 0.007 -20"><span class='ocrx_word' id='word_1_274' title='bbox 216 2659 251 2710; x_wconf 91' lang='lat' dir='ltr'><strong>V.</strong></span> <span class='ocrx_word' id='word_1_275' title='bbox 269 2660 331 2710; x_wconf 84' lang='lat' dir='ltr'><strong>Hac</strong></span> <span class='ocrx_word' id='word_1_276' title='bbox 347 2673 438 2727; x_wconf 81' lang='lat' dir='ltr'><strong>pugna</strong></span> <span class='ocrx_word' id='word_1_277' title='bbox 453 2665 576 2726; x_wconf 76' lang='lat' dir='ltr'><strong>pugnata</strong></span> <span class='ocrx_word' id='word_1_278' title='bbox 610 2659 725 2712; x_wconf 80' lang='lat' dir='ltr'><strong>Romam</strong></span> <span class='ocrx_word' id='word_1_279' title='bbox 740 2659 884 2730; x_wconf 80' lang='lat' dir='ltr'><strong>profectus</strong></span> <span class='ocrx_word' id='word_1_280' title='bbox 901 2655 953 2722; x_wconf 74' lang='lat' dir='ltr'><strong>eat,</strong></span> 
     </span>
    </p>
   </div>
   <div class='ocr_carea' id='block_1_3' title="bbox 0 0 1032 2956">
    <p class='ocr_par' dir='ltr' id='par_1_3' title="bbox 0 0 1032 2956">
     <span class='ocr_line' id='line_1_39' title="bbox 0 0 1032 2956; baseline 0 1"><span class='ocrx_word' id='word_1_281' title='bbox 0 0 1032 2956; x_wconf 95' lang='lat' dir='ltr'><strong> </strong></span> 
     </span>
    </p>
   </div>
  </div>
 </body>
</html>
