2032 2962
206 98 224 166 ⁵⁵
312 147 699 230 nucerensi-111,
864 151 898 206 aa

103 273 161 332 que
172 257 252 326 peius
263 271 308 310 res
319 256 516 309 administrata
525 261 578 310 est.
602 255 673 310 Nam
685 262 715 310 et
724 255 847 324 prudens
857 259 899 310 rei

101 329 292 389 militaris,et
302 326 421 394 diligens
431 333 497 386 erat
503 327 619 394 imperii.
643 327 668 380 3.
686 327 784 395 itaque
795 330 898 384 nemini

10 449 13 454 ,
103 405 168 453 erat
178 397 222 448 his
232 397 403 462 temporibus
415 396 537 460 dubium,
548 399 571 447 si
584 396 718 460 affuisset,
728 398 808 450 iliam
814 397 897 451 Athe-

104 469 220 523 nienses
232 466 420 518 calamitatem
430 472 594 534 accepturos
603 481 658 520 non
671 467 763 520 fuisse.

154 539 188 590 li.
207 537 302 589 Rebus
313 542 406 588 autem
418 534 540 598 afflictis,
552 553 634 604 quum
645 538 765 604 patriam
774 536 898 590 obsideri

104 608 244 670 audisset,
259 619 312 656 nen
330 605 479 674 quaesiuit,
494 607 541 657 ubi
557 609 617 674 ipse
631 611 695 656 tuto
712 607 896 671 vireret,sed

102 679 179 730 unde
189 676 334 743 praesidio·
340 681 435 742 posset
444 691 505 729 esse
515 676 620 730 civibus
631 678 695 728 suis.
722 677 895 745 ltaqueeon-

103 747 171 800 tulit
181 762 211 798 se
223 746 259 798 ad
270 745 490 810 Pharnabazum,
500 752 629 814 satrapen
640 747 734 800 ioniae
745 752 774 798 et
779 746 897 814 Lydiae,

68 813 72 817 ’
104 816 288 883 eumdemque
306 831 445 884 generum·
456 817 531 885 regis
552 823 581 870 et
595 817 792 884 propinquum:
822 815 896 884 apud

95 901 186 956 wquem
197 890 229 936 ut
238 885 356 937 multum
367 890 461 954 gratia
473 888 596 951 valeret,
611 887 700 939 multo
715 886 812 938 labore
825 885 896 936 mui-

102 959 195 1024 tisque
207 953 302 1007 effecit
311 956 453 1022 perieulis.
487 955 513 1009 2³
532 957 604 1010 Nam
614 971 700 1026 quum
709 955 896 1008 lacedaemo..

102 1026 157 1087 nii,
166 1023 383 1078 Atheniensibus
400 1025 528 1090 devictis,
538 1029 570 1078 in
582 1029 716 1079 societate
731 1041 789 1077 non
799 1031 896 1078 'urane-

102 1099 181 1156 rent‚
193 1107 276 1161 quam
289 1109 352 1146 eum
363 1095 517 1148 Artaxerxe
529 1095 665 1160 fenerant,
679 1096 895 1164 Agesilaumque
978 1155 984 1162 .

102 1164 240 1217 bellatum
252 1163 394 1219 misissent
403 1165 435 1215 in·
442 1167 543 1229 Asiam,
553 1166 674 1218 maxime
683 1167 795 1234 impulsi
807 1167 895 1218 a'l'is·

103 1231 304 1301 saphe1·ne',qui
315 1247 353 1287 ex
360 1235 465 1288 intimis
475 1237 781 1304 regisabamieitiaeius
788 1235 896 1288 defece·

104 1309 159 1366 rat,
166 1308 268 1356 etcum
279 1303 508 1358 Lacedaemoniis
519 1307 625 1359 cniemt
635 1307 810 1362 societatem:
821 1303 905 1356 hune

105 1374 239 1426 adversus
259 1371 456 1426 Pharnabazus
475 1373 587 1428 habitus
607 1381 650 1428 est
667 1377 835 1444 imperatam
865 1389 897 1426 ra

104 1445 219 1512 quidem
230 1455 297 1496 vera
307 1446 441 1497 exercitui
452 1445 578 1512 praefuit
587 1446 696 1510 Cenon,
711 1444 828 1514 eiusque
838 1447 897 1496 ern-

104 1514 153 1564 nia
163 1513 282 1566 arbitrie
292 1521 375 1581 gesta
381 1519 454 1566 sunt.
479 1513 503 1566 3.
520 1516 575 1567 Hic
584 1515 703 1567 multum
715 1516 812 1567 ducem
823 1529 897 1564 sumn

11 1612 21 1628 a
104 1597 195 1644 mum,
206 1583 366 1650 Agesiiarun
371 1620 379 1647 ,
389 1577 541 1651 impedivit,
551 1598 696 1650 saepeque
702 1585 761 1634 eius
773 1583 897 1635 consiliis

10 1639 227 1864 'mmmm
248 1665 480 1720 nequeveronen
499 1651 554 1703 fuit
573 1659 713 1718 apertum,
728 1653 752 1701 si
770 1651 820 1704 ille
840 1665 897 1704 nou

138 1723 219 1783 isset,
235 1719 396 1788 Agesilaum
409 1723 502 1773 Asiam
518 1724 613 1774 Tauro
627 1725 710 1772 tenus
729 1722 790 1788 regi
809 1719 897 1774 fuisse

104 1795 278 1856 erepturum.
314 1791 339 1842 4.
359 1792 413 1855 Qui
424 1795 602 1858 posteaquam
614 1790 722 1842 domun
733 1806 753 1842 a
763 1792 825 1842 suis
832 1791 898 1844 uini·

102 1861 156 1914 hus
167 1863 314 1914 revocatus
326 1868 381 1924 est,
394 1862 470 1930 quod
478 1863 590 1914 Boeotii
601 1867 631 1913 et
645 1860 827 1914 Athenienses
843 1862 897 1914 La·

10 1959 12 1984 n
104 1932 293 1986 eedaemeniis
304 1930 407 1984 bellum
418 1933 586 1994 indixerant,
599 1931 693 1982 Conon
705 1930 895 1983 nihilosecius

10 2133 27 2236 h,

10 2277 15 2314 i
44 2287 52 2318 i
101 2280 660 2353 magnisquemeritisapudregem,etiam

81 2001 181 2068 apud
202 1999 361 2067 praefectos
387 2003 461 2069 regis
484 2003 668 2067 versabatur,
687 1999 785 2071 bisque
808 2002 895 2054 omni·

102 2068 445 2124 busmauimeerutusui·¹
710 2108 715 2116 ,

66 2202 68 2208 y
137 2139 187 2192 lii.
206 2139 898 2212 DefecerataiegeTissaphernes,nequeidtam

102 2210 263 2272 Artaxerxi,
274 2225 357 2278 quam
366 2213 476 2275 ceteris,
488 2220 550 2265 erat
559 2219 695 2280 apertum.
714 2211 813 2264 Multis
824 2213 898 2332 {alteim
969 2245 979 2256 .

689 2296 755 2332 uum
766 2295 795 2329 rn
805 2295 822 2330 o
844 2319 845 2322 ,
869 2296 898 2332 m

10 2369 14 2398 n
66 2393 70 2398 .
100 2349 535 2420 nonmaneretffalebattNeque
546 2299 780 2412 idmiranhumsi
791 2363 846 2399 non
856 2349 897 2402 fu-

10 2449 27 2580 t

101 2417 157 2470 cile
167 2419 209 2470 ad·
216 2419 385 2472 eredendum
397 2421 595 2485 adducebatur,
602 2423 791 2480 reminiscens,
797 2419 854 2470 eius
865 2434 897 2472 se

101 2499 192 2554 opera
203 2489 436 2554 Cyrumfratrem
448 2506 603 2558 superasse.
620 2493 647 2544 2.
662 2490 754 2543 Huius
764 2502 896 2542 accusan-

100 2557 131 2609 di
154 2559 250 2624 patiar
269 2559 370 2612 Conon
387 2576 405 2612 a
421 2559 602 2612 Pharnabazo
617 2559 654 2610 ad
675 2573 770 2625 regem
786 2559 896 2618 missus,

99 2627 294 2696 posteaquam
302 2631 391 2694 uenit,
402 2632 522 2696 primum
538 2644 573 2682 ex
592 2643 677 2680 more
691 2627 839 2678 Persarum
860 2625 897 2675 ad

100 2694 300 2759 chiliarchum,
307 2701 353 2764 qui
362 2700 514 2750 seeundum
524 2698 643 2766 gradum
653 2691 764 2762 imperii
774 2694 897 2751 tenebat,

99 2763 291 2822 Tithrausten
306 2769 435 2834 accessit,
455 2765 675 2836 sequeustendit
685 2779 747 2817 eum
758 2774 825 2825 rege
840 2757 900 2810 eoi-
