2054 2956
189 110 226 182 62
303 107 368 165 XV.
386 107 709 166 oblatratoribus.
733 101 791 162 11'1.
809 111 864 166 lv.

191 215 393 282 disputaretur,
408 220 458 266 aut
469 217 503 268 de
520 213 695 282 philosophia
709 229 799 266 sermo
814 214 982 278 haberetur,

189 301 338 352 numquam
350 286 415 337 inde
425 288 502 351 prius
518 287 655 347 discessit,
671 299 754 352 quam
771 285 907 340 adfinem
924 301 983 339 ser-

190 369 236 406 mo
247 361 321 406 osset
332 355 476 406 adductus.
495 354 521 407 4.
539 352 733 422 Paupertatem
745 353 814 409 adeo
825 353 909 406 facilc
919 369 984 422 per-

190 438 287 490 pessus
298 429 352 486 est,
362 430 395 476 ut
405 424 439 476 de
450 425 593 491 republica
603 422 672 474 nibil
682 428 794 490 praeter
804 423 926 489 gloriam
940 441 983 476 ce-

90 531 91 538 ,
191 495 272 559 perit.
306 494 504 546 Amicos-omia
516 511 547 546 se
557 493 662 545 tuendo
679 493 769 543 caruit
784 491 983 558 facultatibus,

191 563 246 614 tide
257 562 292 613 ad
303 563 373 613 alios
383 563 568 616 sublevandos
578 577 662 628 saepe
672 563 712 612 sic
721 576 787 611 usus
798 566 853 624 est,
868 567 901 612 ut
918 575 983 629 pos·

141 677 145 684 .
190 633 228 682 sit
243 633 374 695 iudicari,
391 634 483 684 omnia
505 629 710 684 eleumamicis
723 626 981 684 iaissecommunia.

126 743 129 752 ,
190 699 216 753 b.
228 700 297 753 Nam
310 716 393 768 quum
405 709 454 752 aut
465 701 564 753 civium
575 715 688 752 suorum
700 699 801 767 aliquis
811 699 981 754 abhostibus

190 779 264 824 esset
280 777 390 838 captus,
406 777 455 822 aut
463 772 541 837 virgo
558 771 639 822 amici
655 768 761 820 nubilis
779 775 895 836 propter
913 785 979 836 pau-

211 846 328 892 ertatem
339 839 472 892 collocari
482 855 537 892 non
548 843 657 906 posset,
667 839 818 890 amicorum
829 841 978 892 concilium

189 856 323 972 Rabebat,
334 915 376 971 et,
388 913 519 978 quantum
530 911 646 977 quisquo
661 907 754 972 daret,
770 922 821 974 pro
837 907 983 960 facultati*

188 980 240 1032 bus
250 979 413 1044 imperabat.
440 978 466 1029 6.
475 973 609 1047 ‘Eamque
620 993 755 1030 summam
766 993 850 1044 quum
861 977 978 1041 fecerat,

189 1049 352 1117 priusquam
363 1049 502 1114 acciperet
510 1049 663 1114 pecuniam,
675 1047 829 1098 adducebat
840 1062 919 1111 eam,
930 1049 978 1115 qui

189 1117 354 1186 quaerebat,
370 1117 405 1169 ad
422 1131 485 1179 eos,
501 1119 548 1184 qai
564 1117 761 1178 conterebant,
781 1117 862 1183 eique
877 1111 911 1168 rit
925 1119 978 1184 ipsi

189 1192 377 1249 numerarent,
388 1185 520 1249 iaciebat;
531 1193 563 1237 ut
572 1187 631 1248 ille,
642 1186 676 1236 ad
688 1201 768 1252 quem
780 1199 815 1236 ea
823 1199 869 1237 res
878 1201 977 1253 perve-

189 1256 298 1317 niobat‚
308 1258 406 1318 sciret,
415 1261 548 1324 quantum
559 1257 658 1322 cuique
669 1255 792 1306 deberet.

241 1325 290 1377 lV.
309 1327 431 1376 Tentata
450 1330 543 1376 autem
564 1326 625 1376 eius
639 1329 682 1376 est
698 1325 866 1376 abstinentia
879 1340 897 1376 a
910 1323 977 1377 Dio·

190 1393 491 1460 medonte‚Cyziceno.
527 1393 654 1461 Namque
664 1395 687 1444 is
697 1399 799 1461 rogatu
815 1395 975 1446 Artaxerxis
1013 1449 1014 1459 ἵ

189 1463 410 1530 Epaminondam
421 1465 540 1530 pecunia
553 1465 787 1528 corrumpendum
802 1470 971 1529 susceperat.

189 1534 244 1587 llic
255 1549 355 1603 magno
367 1549 428 1586 cum
439 1533 563 1600 pondere
573 1533 633 1586 auri
650 1533 760 1585 'l'bebas
777 1533 867 1600 venit,
881 1537 911 1584 et
924 1534 977 1584 Mi·

190 1603 304 1672 cythum
320 1604 558 1656 adolescentulum
580 1605 701 1671 quinque
716 1603 829 1654 talentis
844 1602 879 1654 ad
896 1617 975 1654 suom

190 1675 320 1742 perduxit
329 1674 515 1736 voluntatem,
525 1689 607 1742 quern
619 1680 678 1724 tum
693 1672 898 1738 Epaminondas
916 1673 976 1738 plu-

189 1745 291 1796 rimum
307 1744 450 1810 diligebat.
486 1742 629 1809 Micythus
639 1740 861 1808 Epaminondam
876 1755 975 1793 conve·
1011 1795 1012 1807 γ

191 1815 246 1874 nit,
267 1817 296 1863 ot
316 1827 427 1864 causam
452 1814 590 1866 adventus
624 1811 819 1862 Diomedontis
844 1811 977 1862 ostendit.

188 1881 215 1932 2.
233 1882 327 1933 Atille
343 1881 530 1934 Diomedonte
546 1895 655 1942 eoram,
674 1878 768 1944 bibit,
788 1881 890 1947 inquit,
911 1897 978 1948 opus
1010 1939 1011 1948 ἵ

186 1950 304 2020 pecatore
315 1959 363 2002 est.
400 1949 473 2002 Nam
482 1950 509 2002 ss*
517 1967 548 2002 ea
558 1965 608 2018 rex
617 1951 685 2012 vult,
696 1963 764 2017 qaae
777 1947 912 2002 Thebanis
921 1950 979 2003 siat
1010 1949 1011 1983 l

191 2019 284 2082 utilia,
291 2018 487 2091 gratisfatere
497 2029 556 2072 tum
563 2027 682 2088 paratus
687 2035 698 2080 ;
716 2017 759 2070 εἰη
768 2028 859 2071 autem
869 2029 979 2072 coatra-

191 2089 252 2152 rr‘a‚
268 2105 320 2141 aon
335 2087 417 2140 balet
430 2089 494 2141 astra·
509 2097 592 2158 atque
604 2087 720 2158 argenti
733 2089 811 2140 satie.
853 2087 977 2160 Namque
1009 2067 1010 2157 l

192 2158 264 2212 arbit
275 2167 412 2210 terrarum
422 2158 536 2210 assiria·
545 2157 668 2224 accipere
678 2161 737 2211 noio
744 2175 797 2226 pro
807 2158 921 2226 patriae
936 2165 980 2210 ea·
1007 2175 1009 2222 p

191 2229 285 2281 ritate.
322 2226 346 2279 3.
369 2224 413 2278 Tu
423 2229 494 2296 quod
502 2244 543 2280 me
557 2226 725 2294 incognitum
740 2227 869 2290 tentasti,
884 2228 979 2296 tuique
1007 2223 1009 2331 A

192 2297 306 2350 sa'rnitem
316 2295 495 2361 existimasti,
507 2313 559 2349 aaa
569 2297 654 2348 miror
661 2332 670 2358 ,
681 2296 782 2364 tibique
793 2297 904 2365 ignosco
910 2313 921 2357 ,·
934 2297 982 2348 red

192 2369 320 2438 egredere
326 2381 457 2488 prqplere,
467 2383 500 2419 ae
509 2367 577 2418 allos
586 2381 756 2433 corrumpat,
771 2382 853 2432 quant
868 2384 910 2420 me
926 2383 982 2420 ooo
1007 2375 1008 2380 ’

188 2437 322 2506 potuerit.
409 2433 714 2505 ,Micytbe',argentum
729 2433 791 2485 bute
805 2435 886 2488 redde
894 2453 905 2496 ‚·
925 2436 984 2488 triti

190 2504 222 2556 id
248 2505 389 2578 confertim
408 2505 500 2578 facit,
529 2520 579 2573 ego
602 2513 631 2555 te
657 2502 766 2554 modam
790 2504 984 2571 tnagittratut‘.

191 2572 219 2624 d.
242 2576 326 2626 Hunc
344 2575 502 2628 Diomedon
518 2587 601 2640 quum
619 2577 747 2638 rogaret,
763 2577 795 2622 ut
808 2578 871 2624 tuto
888 2577 987 2638 exire,

192 2655 380 2710 suaque‚quae
390 2643 540 2704 attulisset,
547 2640 763 2694 liceretefferrer
775 2640 856 2692 istud
864 2643 987 2710 quidem,

193 2712 298 2779 inquit,
307 2711 418 2785 faciam
425 2728 437 2776 ‚⁰
454 2717 596 2780 aequetur
607 2723 706 2774 cauto,
716 2710 844 2774 tediosa,
854 2711 939 2776 oeni
951 2712 987 2765 ta'·
