2054 2956
229 97 697 158 xxv.arrrcvs.111-v
812 97 864 154 109

11 223 12 246 ¹
69 204 249 276 antiquitate,
259 203 442 266 humanitate,
453 203 581 256 doctrina
591 208 748 270 praestaret
757 216 862 266 omnes,

69 292 143 328 unus
156 277 181 326 ei
192 281 257 326 ante
268 275 338 325 alios
350 271 437 324 suerit
447 275 616 326 carissimus.
807 294 830 334 ·,

124 343 172 404 lV.
191 345 255 394 llue
265 343 375 409 exAsia
386 340 466 394 Sulla
481 343 618 400 decedens
633 357 717 412 quunr
731 336 862 404 venisset,

70 413 204 483 quamdiu
215 415 252 464 ibi
264 413 330 476 fuit,
341 408 435 464 seeum
447 410 546 464 habuit
555 412 752 495 Pomponium,
763 416 860 480 eaptus

10 493 11 512 ³
69 484 258 536 adolescentis
269 485 299 534 et
316 481 489 534 humanitate
505 487 534 534 et
549 481 694 544 doctrina¹
722 481 775 536 Sia
788 481 861 532 enirn

70 555 181 606 Graece
204 549 383 620 loquebatur,
412 556 445 604 ut
468 550 583 604 Athenis
606 559 688 604 natus
711 552 861 604 rideretur.

69 626 166 675 'l'anta
176 627 270 673 autem
285 622 407 672 suavitas
422 627 484 673 erat
498 619 634 689 sermonis
647 621 756 685 Latini,
774 627 807 672 ut
817 635 862 688 ap-

10 755 11 762 *
69 694 196 761 pareret,
205 693 234 742 in
244 706 278 743 eo
287 692 412 742 nativum
423 691 571 760 quemdam
581 691 706 758 leporem
717 706 786 754 esse,
803 706 861 742 non

10 803 11 828 ,
69 763 217 814 adscitum.
253 762 331 814 ldenr
346 763 476 828 poimata
494 762 694 828 pronuntiabat
713 767 742 814 et
761 775 862 828 graece

10 833 11 856 ³
41 844 44 847 ’
69 830 198 886 et'latine
208 831 262 896 sic,
276 837 402 898 utsupra
413 829 589 898 nihil'posset
599 829 674 882 addi.
710 831 735 882 2.
755 831 862 894 Quibus

69 903 153 952 rebus
163 899 268 952 factum
280 907 336 964 est,
347 906 379 952 ut
390 899 470 952 Sulla
481 915 619 968 nusquam
633 897 722 968 [eum]
734 901 769 950 ab
781 915 810 950 se
823 899 861 950 di·

9 999 10 1012 ,
69 961 210 1033 mitteret,
232 976 401 1039 cuperetque
417 986 511 1023 secum
528 969 675 1024 deducere.
712 971 766 1032 Qui
778 983 861 1036 quum

9 1063 10 1072 ¹
68 1041 241 1108 persuadere
252 1045 382 1101 tentaret,
392 1039 462 1104 noli,
473 1056 520 1092 oro
531 1048 572 1103 te,
582 1041 674 1108 inquit
683 1038 862 1106 Pomponius,

69 1109 211 1162 adversum
222 1125 264 1162 eos
275 1110 392 1162 metelle
403 1109 513 1172 duem,
532 1125 592 1162 erem
606 1108 703 1178 pretias
717 1127 751 1164 ne
765 1117 861 1162 eontra

69 1188 97 1231 te
107 1178 310 1250 armaserrem,
330 1177 442 1230 ltaliam
453 1177 561 1248 reliqui.
596 1181 633 1230 At
644 1177 736 1243 Sulla,
756 1178 861 1230 adoles·

70 1250 159 1301 centis
179 1247 270 1301 officio
289 1247 464 1311 collaudato,
489 1250 584 1300 onmia
603 1249 770 1311 manassei,
790 1261 861 1316 quae

45 1318 186 1374 »Athenis
219 1324 378 1384 acceperat,
418 1319 597 1387 proficiscens
632 1318 715 1370 iussit
748 1317 860 1370 deferri.

69 1386 94 1440 3,
115 1389 170 1440 llic
180 1389 336 1455 complures
348 1385 434 1440 annos
445 1394 582 1452 moratus,
593 1403 679 1456 quum
690 1393 722 1440 et
728 1388 770 1439 rei
782 1387 860 1438 fami·

69 1458 136 1510 liari
146 1462 255 1508 tanturn
267 1472 369 1523 operae
380 1453 477 1522 (leret,
497 1462 629 1525 quantum
645 1472 700 1508 non
711 1457 861 1523 indiligens

69 1527 187 1580 deberet
206 1525 420 1591 paterfamilias,
442 1531 474 1577 et·
493 1526 586 1576 omnia
605 1525 862 1592 reliqua‘tenrpora

70 1602 120 1649 arnt
139 1595 255 1659 litteris,
275 1599 325 1646 ant
343 1593 554 1646 Atheniensium
573 1595 694 1662 reipubl.
714 1597 860 1657 tribueret,

70 1666 250 1718 nihilominus
284 1664 379 1715 amicis
421 1665 531 1716 urhana
574 1664 665 1717 officia
709 1666 859 1732 praestitit.

69 1737 96 1789 4.
116 1735 187 1788 Nam
198 1734 271 1788 etad
282 1735 396 1786 eomitia
411 1749 509 1786 eorum
525 1735 687 1797 ventitavit,
707 1743 749 1798 et,
770 1735 793 1786 si
805 1749 861 1803 qua

70 1821 118 1859 res
135 1807 225 1870 maior
244 1811 308 1856 aeta
327 1808 382 1868 est,
402 1817 458 1855 non
479 1803 585 1868 defuit3
598 1805 676 1875 'sieut
687 1802 814 1857 Ciceroni
831 1805 859 1860 in

72 1876 199 1928 omnibus
211 1873 295 1942 [eius]
307 1873 438 1941 perieulis
448 1874 619 1942 singularem
630 1873 712 1934 iidem
723 1874 859 1942 praetuta

8 1985 9 1994 ,
72 1946 116 1998 cui
131 1946 268 2012 expatria
278 1944 396 2012 fugienti
412 1942 491 1998 ans.
511 1944 632 1998 ducenta
643 1950 671 1997 et
681 1945 860 2013 quinquagin-

54 2021 102 2080 ¹ta
120 2015 211 2068 millia
230 2015 352 2066 donavit.
388 2013 414 2068 ὅ.
433 2014 635 2083 Tranquillatis
661 2022 761 2068 autent·
776 2015 859 2066 rebus
907 2061 912 2066 .

8 2083 9 2090 ’
25 2134 35 2150 ,
72 2085 211 2148 Romanis,
223 2085 385 2151 remigravit
395 2085 523 2148 Romam,
534 2090 567 2136 nt
577 2087 684 2153 opinor,
694 2085 726 2136 L.
738 2085 821 2136 Cotta
832 2088 861 2134 ot

39 2189 46 2198 -
73 2153 105 2206 L.
122 2156 266 2223 Torquato
283 2155 359 2206 Coss.
374 2169 457 2223 quem
473 2153 547 2206 diens
566 2155 749 2206 siennirersa
764 2154 860 2204 civitas
896 2163 908 2172 ·

72 2222 281 2278 Atheniensium
301 2228 524 2290 prosecutam,
543 2229 576 2276 ut
590 2225 713 2278 lacrimis
728 2222 860 2276 desiderii

73 2292 161 2346 futuri
172 2294 296 2346 dolorem
306 2294 453 2346 indicaret.
468 2323 471 2336 .

124 2364 167 2417 Vs
177 2364 308 2416 ilabebat
322 2361 488 2414 auunculum
499 2363 533 2427 Q.
554 2361 720 2426 Caecilium,
738 2377 754 2414 e
776 2359 861 2413 uitem

8 2439 9 2450 ¹
59 2470 62 2474 ›
73 2433 234 2496 Romanum,
245 2433 415 2486 familiarem
421 2432 454 2485 L.
465 2431 585 2497 Luculli,
595 2433 724 2496 divitem,
734 2431 761 2484 di
794 2429 861 2483 cilii-

72 2517 118 2554 ma
132 2509 251 2554 natura.-
271 2504 350 2554 euius
365 2503 406 2556 sie
421 2505 599 2570 asperitatem
619 2505 801 2564 reritos‘est,
821 2505 862 2562 ut,

8 2579 9 2588 ¹
73 2586 152 2639 quem
170 2587 250 2625 nemo
266 2571 342 2626 ferre
352 2580 462 2640 posset,
482 2573 563 2626 huius
577 2573 637 2626 sine
652 2571 808 2626 offensione
826 2571 863 2622 arl

8 2651 9 2662 ¹
73 2657 208 2694 summam
237 2643 409 2696 senectutem
446 2644 596 2697 retinuerit
630 2642 861 2696 benevolentiam.

8 2731 10 2786 2
74 2711 134 2776 Quo
146 2711 220 2766 facto
230 2713 295 2765 tulit
304 2715 416 2784 pietatis
426 2711 559 2768 fructum.
594 2711 862 2788 amensamens
896 2719 898 2724 ·
