2054 2956
2 664 5 666 ,
97 659 101 664 .
139 607 201 660 Lib.
211 607 246 658 11.
275 605 413 671 Atirgine
428 595 549 657 Vestale.
568 603 656 658 stc

340 107 614 164 FRAGMENTA.
826 107 875 164 123

90 263 93 268 .
153 209 257 265 Catulli
266 211 431 280 oersmosap.
440 209 479 264 t.
490 209 527 263 D.
539 212 577 263 ad
586 209 619 262 Α.
633 209 758 275 Gellium,
776 213 803 276 7,
822 212 875 282 18.]

22 273 25 288 ’
149 281 305 350 Hieronpm.
319 281 420 342 Enati.
437 279 536 334 Ctron.
553 279 620 334 Con.
632 297 662 349 p.
675 279 732 334 106.
750 281 821 336 teat.
838 291 874 345 et,

85 355 173 414 vtait,
185 351 330 405 Comelius
340 351 433 417 Nepos
443 349 511 417 ete]
806 393 810 396 .

139 419 281 488 [Laetam.
293 419 315 482 1,
328 418 367 482 13,
378 421 402 470 8.
421 420 515 470 Latini
525 416 640 486 Nepos]

163 506 332 580 Cornelii
347 506 508 604 Nepotis
530 507 806 658 Enemplorum

663 606 774 660 ruritius
789 606 835 661 tit.
854 607 875 663 1.

90 677 244 732 Grammot.
253 674 297 744 [p.
310 672 367 724 llo.
379 673 418 727 ed.
428 673 556 742 Ponet]

100 795 103 806 ,
140 746 245 812 mov.
266 742 510 796 Corneliusautem
518 744 620 810 Nepos,
632 751 660 797 et
669 746 698 796 in
709 744 782 798 libro
789 759 878 797 exem·

87 815 197 886 plorum
208 815 305 883 quinto
320 813 349 864 id
360 827 471 882 quoque
486 814 589 866 litteris
604 815 760 878 mandauit,
784 816 878 868 multis

86 887 116 938 in
128 884 233 938 Senatu
244 884 395 951 placuisse,
410 890 440 934 vt
449 885 483 946 ii,
504 885 551 951 qui
563 885 654 943 redire
665 885 785 948 nollent,
805 885 878 938 datis

1 955 2 962 ’
88 955 250 1008 custodibus
265 953 300 1005 ad
312 953 498 1004 Hannibalem
514 953 732 1018 detlucerentur,
752 955 800 1006 sed
816 970 878 1008 eam
950 981 955 985 ·
1024 973 1025 1012 g

86 1023 255 1078 sententiam
266 1036 383 1081 numero
401 1021 537 1088 plurium,
556 1024 656 1092 quibus
666 1024 695 1075 id
706 1036 761 1079 non
771 1023 886 1078 videru'

85 1099 143 1158 tur',
154 1097 324 1160 superatam3
345 1105 394 1143 eos
403 1097 506 1156 tamen,
522 1095 568 1160 qui
580 1093 615 1144 ad
625 1093 812 1146 Hannibalem
824 1110 878 1146 non

86 1165 236 1226 redissent,
254 1177 339 1229 usque
350 1160 420 1212 adeo
430 1163 604 1224 intestabiles
614 1164 773 1232 inuisosque
783 1164 879 1228 finisse,
925 1223 931 1228 ,

85 1241 117 1286 vt
130 1233 254 1286 taedium
269 1233 344 1282 vitae
364 1232 503 1298 ceperint,
528 1247 681 1302 necemque
700 1235 752 1286 sibi
774 1235 878 1287 eonsci-

1 1341 4 1373 1,
35 1341 38 1348 .
87 1305 186 1356 verint.
204 1301 238 1355 Α.
252 1299 357 1356 Gellius
366 1297 400 1351 N.
410 1298 443 1350 Α.
455 1302 480 1364 7,
491 1299 533 1366 18,
546 1301 586 1354 ll.

89 1394 199 1464 Coro.
207 1391 301 1486 Nep.
307 1388 528 1462 illustrium
543 1387 719 1462 Vmorem
734 1388 813 1463 Lo.
821 1413 877 1462 11.

141 1487 270 1540 Subinde.
282 1485 423 1554 Sosipater
431 1483 513 1539 ctas.
525 1488 543 1540 1.
552 1487 578 1540 2.
584 1503 615 1557 p.
627 1485 683 1540 195.
694 1485 878 1540 adfectanti.

1 1623 2 1627 ¹
86 1587 246 1670 Incerto
255 1610 326 1684 quo
335 1571 727 1666 lauretto-omnmo.
734 1585 876 1681 posito.

76 1730 79 1738 ,
139 1683 284 1752 Karthago
295 1689 378 1752 antea
397 1685 516 1751 speeiem
535 1681 632 1744 habuit
648 1681 765 1749 duplicis
776 1683 878 1750 oppidi,
909 1706 917 1714 ·

87 1758 165 1825 quasi
181 1754 259 1806 aliud
278 1753 398 1814 aiterum
419 1753 643 1819 amplecteretur.
663 1754 741 1808 cuius
759 1753 878 1806 interior
919 1803 921 1808 .

1 1821 11 1864 f·
85 1842 151 1894 pars
161 1826 254 1892 Byrsa
264 1823 421 1886 dicebatur,
441 1824 566 1874 exterior
574 1823 707 1890 Megalia
734 1822 826 1875 Huius
836 1823 878 1874 rei

1 1911 2 1914 ¹
85 1896 167 1946 testis
183 1899 226 1946 est
237 1894 266 1946 C.
277 1891 369 1958 Nepos
384 1895 411 1943 in
429 1907 462 1946 eo
478 1891 564 1953 libro,
585 1894 632 1962 qui
647 1891 712 1944 Vita
721 1891 877 1945 illustrium

87 1965 256 2017 inscribitur.
277 1959 353 2014 Sero.
365 1963 402 2014 od
411 1961 478 2014 Aen.
491 1959 582 2024 1,372.

141 2033 260 2100 Propius
280 2032 481 2084 Grammatico.
494 2031 605 2083 accessi.
648 2026 793 2084 Diomedes
810 2031 831 2085 1.
853 2027 876 2084 1.

91 2097 186 2158 Graia.
194 2117 223 2168 p.
233 2099 295 2153 405.
749 2129 754 2134 -

1 2217 2 2222 ,
94 2188 102 2194 ’·
139 2173 170 2224 A.
180 2171 309 2233 Albinus,
327 2169 374 2237 qui
385 2183 446 2221 cum
456 2167 489 2220 L.
499 2165 618 2240 Lucullo
637 2166 734 2220 consul
745 2166 812 2230 fuit,
831 2179 877 2218 rea

0 2265 1 2270 ¹
87 2243 227 2295 Romanas
243 2241 369 2292 oratione
381 2237 489 2290 Graeca
503 2239 679 2305 seriptitauit.
706 2238 814 2290 ineius
828 2237 877 2289 Hi-

87 2311 191 2363 storiae
209 2311 342 2377 principio
358 2310 550 2374 scriptumest
565 2307 601 2359 ad
616 2307 688 2358 hanc
698 2307 897 2377 sententiamz*

86 2379 215 2434 neminem
225 2395 379 2431 suoeenme
389 2373 442 2428 sibi
451 2376 602 2449 moueniro,
613 2375 741 2446 siquidm
750 2373 880 2429 intorti

83 2465 184 2520 parpm
195 2448 338 2516 oontposite
348 2453 398 2499 out
408 2445 496 2498 minus
506 2445 644 2516 eleganter
653 2443 878 2568 seriptumLsoret.

87 2519 161 2572 Nom
172 2533 245 2582 torn,
265 2519 369 2584 inquit,
389 2513 465 2582 tomo
478 2513 626 2580 Romaanus,
646 2523 727 2568 notus
738 2514 768 2567 in
791 2514 878 2567 otio.-

91 2591 197 2642 Graeca
207 2587 297 2639 oratio
307 2585 404 2640 anobis
410 2584 575 2640 alienissima
582 2593 630 2638 eat.
641 2585 762 2652 ideoque
769 2586 877 2638 veniam

88 2661 261 2726 gratiamque
273 2655 363 2706 malae
373 2655 595 2716 existimationis,
607 2653 630 2703 si
641 2651 707 2720 quid
718 2657 792 2705 esset
803 2661 878 2704 erra-

90 2734 156 2790 tum,
165 2724 331 2792 postulauit.
345 2725 391 2776 'En
402 2737 485 2794 quum
497 2723 611 2792 legisset
621 2721 662 2776 M.
670 2723 753 2775 Cato:
766 2720 827 2774 Nae
838 2729 878 2784 tu,
