<?xml version="1.0" encoding="UTF-8"?>
<!DOCTYPE html PUBLIC "-//W3C//DTD XHTML 1.0 Transitional//EN"
    "http://www.w3.org/TR/xhtml1/DTD/xhtml1-transitional.dtd">
<html xmlns="http://www.w3.org/1999/xhtml" xml:lang="en" lang="en">
 <head>
  <title>
</title>
<meta http-equiv="Content-Type" content="text/html;charset=utf-8" />
  <meta name='ocr-system' content='tesseract 3.04.00' />
  <meta name='ocr-capabilities' content='ocr_page ocr_carea ocr_par ocr_line ocrx_word'/>
</head>
<body>
  <div class='ocr_page' id='page_1' title='image "./corneliinepotis00weisgoog_0090.png"; bbox 0 0 2054 2956; ppageno 0'>
   <div class='ocr_carea' id='block_1_1' title="bbox 68 123 863 300">
    <p class='ocr_par' dir='ltr' id='par_1_1' title="bbox 68 123 863 300">
     <span class='ocr_line' id='line_1_1' title="bbox 164 123 862 192; baseline 0.006 -10"><span class='ocrx_word' id='word_1_1' title='bbox 164 123 267 192; x_wconf 73' lang='lat' dir='ltr'><strong>xvii</strong></span> <span class='ocrx_word' id='word_1_2' title='bbox 285 123 572 182; x_wconf 75' lang='lat' dir='ltr'>AGESILAVS.</span> <span class='ocrx_word' id='word_1_3' title='bbox 591 125 661 182; x_wconf 89' lang='lat' dir='ltr'><strong>Vll.</strong></span> <span class='ocrx_word' id='word_1_4' title='bbox 679 127 768 184; x_wconf 83' lang='lat' dir='ltr'><strong>Vlll.</strong></span> <span class='ocrx_word' id='word_1_5' title='bbox 827 130 862 187; x_wconf 74' lang='lat'><strong>⁷5</strong></span> 
     </span>
     <span class='ocr_line' id='line_1_2' title="bbox 68 227 863 300; baseline 0.008 -19"><span class='ocrx_word' id='word_1_6' title='bbox 68 227 180 281; x_wconf 81' lang='lat' dir='ltr'><strong>iuvere.</strong></span> <span class='ocrx_word' id='word_1_7' title='bbox 216 227 243 280; x_wconf 84' lang='lat'><em>2</em></span> <span class='ocrx_word' id='word_1_8' title='bbox 261 227 333 280; x_wconf 87' lang='lat' dir='ltr'><strong>Nem</strong></span> <span class='ocrx_word' id='word_1_9' title='bbox 344 244 429 300; x_wconf 80' lang='lat' dir='ltr'><strong>quum</strong></span> <span class='ocrx_word' id='word_1_10' title='bbox 439 231 588 298; x_wconf 75' lang='lat' dir='ltr'>praecipue</span> <span class='ocrx_word' id='word_1_11' title='bbox 599 231 814 286; x_wconf 82' lang='lat' dir='ltr'><strong>Lacedaemonii</strong></span> <span class='ocrx_word' id='word_1_12' title='bbox 823 235 863 287; x_wconf 88' lang='lat' dir='ltr'><strong>in·</strong></span> 
     </span>
    </p>
   </div>
   <div class='ocr_carea' id='block_1_2' title="bbox 5 298 886 1544">
    <p class='ocr_par' dir='ltr' id='par_1_2' title="bbox 5 298 863 1198">
     <span class='ocr_line' id='line_1_3' title="bbox 68 298 862 371; baseline 0.009 -21"><span class='ocrx_word' id='word_1_13' title='bbox 68 299 203 366; x_wconf 75' lang='lat' dir='ltr'><strong>digereret</strong></span> <span class='ocrx_word' id='word_1_14' title='bbox 212 300 343 364; x_wconf 72' lang='lat' dir='ltr'><strong>pecunia,</strong></span> <span class='ocrx_word' id='word_1_15' title='bbox 357 298 407 351; x_wconf 82' lang='lat' dir='ltr'><strong>ilie</strong></span> <span class='ocrx_word' id='word_1_16' title='bbox 421 301 547 352; x_wconf 77' lang='lat' dir='ltr'><strong>omnibus</strong></span> <span class='ocrx_word' id='word_1_17' title='bbox 553 336 562 364; x_wconf 94' lang='lat'>,</span> <span class='ocrx_word' id='word_1_18' title='bbox 578 303 623 369; x_wconf 86' lang='lat' dir='ltr'><strong>qui</strong></span> <span class='ocrx_word' id='word_1_19' title='bbox 639 317 656 354; x_wconf 86' lang='lat' dir='ltr'><strong>a</strong></span> <span class='ocrx_word' id='word_1_20' title='bbox 671 317 738 371; x_wconf 82' lang='lat' dir='ltr'><strong>roge</strong></span> <span class='ocrx_word' id='word_1_21' title='bbox 753 303 862 358; x_wconf 73' lang='lat' dir='ltr'><strong>olefece-</strong></span> 
     </span>
     <span class='ocr_line' id='line_1_4' title="bbox 5 367 863 440; baseline 0.007 -20"><span class='ocrx_word' id='word_1_22' title='bbox 5 417 6 420; x_wconf 76' lang='grc'>,</span> <span class='ocrx_word' id='word_1_23' title='bbox 68 367 863 440; x_wconf 65' lang='lat' dir='ltr'><strong>rantpraeeidiofuit:aquibuemognadonatuepecunia</strong></span> 
     </span>
     <span class='ocr_line' id='line_1_5' title="bbox 68 435 860 509; baseline 0.01 -22"><span class='ocrx_word' id='word_1_24' title='bbox 68 437 194 506; x_wconf 82' lang='lat' dir='ltr'><strong>patriam</strong></span> <span class='ocrx_word' id='word_1_25' title='bbox 204 435 367 489; x_wconf 79' lang='lat' dir='ltr'><strong>sublevavit</strong></span> <span class='ocrx_word' id='word_1_26' title='bbox 402 439 429 491; x_wconf 83' lang='lat'><strong>³.</strong></span> <span class='ocrx_word' id='word_1_27' title='bbox 445 441 575 506; x_wconf 76' lang='lat' dir='ltr'><strong>nequem</strong></span> <span class='ocrx_word' id='word_1_28' title='bbox 585 438 720 492; x_wconf 83' lang='lat' dir='ltr'><strong>bouillod</strong></span> <span class='ocrx_word' id='word_1_29' title='bbox 735 444 860 509; x_wconf 76' lang='lat' dir='ltr'><strong>inprimit</strong></span> 
     </span>
     <span class='ocr_line' id='line_1_6' title="bbox 69 505 861 579; baseline 0.005 -20"><span class='ocrx_word' id='word_1_30' title='bbox 69 507 129 572; x_wconf 77' lang='lat' dir='ltr'><strong>fuit</strong></span> <span class='ocrx_word' id='word_1_31' title='bbox 137 505 311 568; x_wconf 76' lang='lat' dir='ltr'>admirabile,</span> <span class='ocrx_word' id='word_1_32' title='bbox 318 521 401 574; x_wconf 91' lang='lat' dir='ltr'><strong>quum</strong></span> <span class='ocrx_word' id='word_1_33' title='bbox 409 510 529 558; x_wconf 81' lang='lat' dir='ltr'><strong>maxima</strong></span> <span class='ocrx_word' id='word_1_34' title='bbox 539 523 656 560; x_wconf 84' lang='lat' dir='ltr'><strong>munera</strong></span> <span class='ocrx_word' id='word_1_35' title='bbox 664 512 690 561; x_wconf 85' lang='lat' dir='ltr'><strong>ei</strong></span> <span class='ocrx_word' id='word_1_36' title='bbox 701 511 735 561; x_wconf 85' lang='lat' dir='ltr'><strong>ab</strong></span> <span class='ocrx_word' id='word_1_37' title='bbox 742 513 861 579; x_wconf 71' lang='lat' dir='ltr'><strong>regibus,</strong></span> 
     </span>
     <span class='ocr_line' id='line_1_7' title="bbox 5 575 861 648; baseline 0.006 -20"><span class='ocrx_word' id='word_1_38' title='bbox 5 589 7 596; x_wconf 74' lang='grc'>’</span> <span class='ocrx_word' id='word_1_39' title='bbox 70 581 101 629; x_wconf 84' lang='lat' dir='ltr'><strong>ct</strong></span> <span class='ocrx_word' id='word_1_40' title='bbox 111 575 254 642; x_wconf 74' lang='lat' dir='ltr'><strong>dynastis,</strong></span> <span class='ocrx_word' id='word_1_41' title='bbox 265 576 475 644; x_wconf 73' lang='lat' dir='ltr'><strong>civitatibusque</strong></span> <span class='ocrx_word' id='word_1_42' title='bbox 486 577 696 641; x_wconf 78' lang='lat' dir='ltr'><strong>conferrentur,</strong></span> <span class='ocrx_word' id='word_1_43' title='bbox 707 582 780 648; x_wconf 84' lang='lat' dir='ltr'><strong>quod</strong></span> <span class='ocrx_word' id='word_1_44' title='bbox 791 581 861 633; x_wconf 89' lang='lat' dir='ltr'><strong>nihil</strong></span> 
     </span>
     <span class='ocr_line' id='line_1_8' title="bbox 69 643 861 772; baseline 0.008 -6"><span class='ocrx_word' id='word_1_45' title='bbox 69 643 627 769; x_wconf 48' lang='lat' dir='ltr'><strong>iiiiuiivltli⁰uttni²tttti¹³i</strong></span> <span class='ocrx_word' id='word_1_46' title='bbox 646 647 861 772; x_wconf 66' lang='lat' dir='ltr'><strong>”itit‘ittt</strong></span> 
     </span>
     <span class='ocr_line' id='line_1_9' title="bbox 45 766 861 855; baseline 0.005 -19"><span class='ocrx_word' id='word_1_47' title='bbox 45 766 55 784; x_wconf 65' lang='lat'>⁸</span> <span class='ocrx_word' id='word_1_48' title='bbox 71 784 127 836; x_wconf 81' lang='lat' dir='ltr'><strong>luit</strong></span> <span class='ocrx_word' id='word_1_49' title='bbox 137 787 298 846; x_wconf 68' lang='lat' dir='ltr'><strong>contentus,</strong></span> <span class='ocrx_word' id='word_1_50' title='bbox 314 799 369 851; x_wconf 84' lang='lat' dir='ltr'><strong>qua</strong></span> <span class='ocrx_word' id='word_1_51' title='bbox 382 784 584 851; x_wconf 74' lang='lat' dir='ltr'><strong>Eurystheum,</strong></span> <span class='ocrx_word' id='word_1_52' title='bbox 597 791 760 855; x_wconf 81' lang='lat' dir='ltr'><strong>progenitor</strong></span> <span class='ocrx_word' id='word_1_53' title='bbox 774 790 861 840; x_wconf 85' lang='lat' dir='ltr'><strong>maio·</strong></span> 
     </span>
     <span class='ocr_line' id='line_1_10' title="bbox 72 851 860 925; baseline 0.004 -19"><span class='ocrx_word' id='word_1_54' title='bbox 72 867 135 906; x_wconf 84' lang='lat' dir='ltr'><strong>rum</strong></span> <span class='ocrx_word' id='word_1_55' title='bbox 145 867 274 912; x_wconf 80' lang='lat' dir='ltr'><strong>auorum,</strong></span> <span class='ocrx_word' id='word_1_56' title='bbox 285 851 377 904; x_wconf 80' lang='lat' dir='ltr'><strong>fuerat</strong></span> <span class='ocrx_word' id='word_1_57' title='bbox 387 868 467 904; x_wconf 80' lang='lat' dir='ltr'><strong>naue:</strong></span> <span class='ocrx_word' id='word_1_58' title='bbox 493 869 577 922; x_wconf 83' lang='lat' dir='ltr'><strong>quam</strong></span> <span class='ocrx_word' id='word_1_59' title='bbox 588 859 635 925; x_wconf 89' lang='lat' dir='ltr'><strong>qui</strong></span> <span class='ocrx_word' id='word_1_60' title='bbox 644 859 779 921; x_wconf 73' lang='lat' dir='ltr'><strong>intrarat,</strong></span> <span class='ocrx_word' id='word_1_61' title='bbox 795 857 860 909; x_wconf 89' lang='lat' dir='ltr'><strong>nul·</strong></span> 
     </span>
     <span class='ocr_line' id='line_1_11' title="bbox 73 922 861 994; baseline 0.004 -18"><span class='ocrx_word' id='word_1_62' title='bbox 73 923 133 976; x_wconf 86' lang='lat' dir='ltr'><strong>lum</strong></span> <span class='ocrx_word' id='word_1_63' title='bbox 144 922 254 989; x_wconf 77' lang='lat' dir='ltr'><strong>signum</strong></span> <span class='ocrx_word' id='word_1_64' title='bbox 265 922 400 984; x_wconf 72' lang='lat' dir='ltr'><strong>libidinis,</strong></span> <span class='ocrx_word' id='word_1_65' title='bbox 409 923 518 976; x_wconf 86' lang='lat' dir='ltr'><strong>nullum</strong></span> <span class='ocrx_word' id='word_1_66' title='bbox 534 925 660 977; x_wconf 74' lang='lat' dir='ltr'><strong>iuxunee</strong></span> <span class='ocrx_word' id='word_1_67' title='bbox 674 927 768 979; x_wconf 82' lang='lat' dir='ltr'><strong>ridere</strong></span> <span class='ocrx_word' id='word_1_68' title='bbox 783 932 861 994; x_wconf 64' lang='lat' dir='ltr'><strong>pote»</strong></span> 
     </span>
     <span class='ocr_line' id='line_1_12' title="bbox 71 991 861 1062; baseline 0.008 -18"><span class='ocrx_word' id='word_1_69' title='bbox 71 998 130 1056; x_wconf 86' lang='lat' dir='ltr'><strong>rat;</strong></span> <span class='ocrx_word' id='word_1_70' title='bbox 141 996 241 1048; x_wconf 83' lang='lat' dir='ltr'><strong>contra</strong></span> <span class='ocrx_word' id='word_1_71' title='bbox 248 991 406 1059; x_wconf 82' lang='lat' dir='ltr'><strong>eaplurima</strong></span> <span class='ocrx_word' id='word_1_72' title='bbox 413 993 562 1058; x_wconf 85' lang='lat' dir='ltr'><strong>patientiae</strong></span> <span class='ocrx_word' id='word_1_73' title='bbox 572 1000 656 1062; x_wconf 83' lang='lat' dir='ltr'><strong>atque</strong></span> <span class='ocrx_word' id='word_1_74' title='bbox 666 996 861 1050; x_wconf 71' lang='lat' dir='ltr'><strong>abstinentiae.</strong></span> 
     </span>
     <span class='ocr_line' id='line_1_13' title="bbox 73 1061 861 1126; baseline 0.008 -13"><span class='ocrx_word' id='word_1_75' title='bbox 73 1062 121 1114; x_wconf 89' lang='lat' dir='ltr'><strong>Sic</strong></span> <span class='ocrx_word' id='word_1_76' title='bbox 131 1061 206 1112; x_wconf 88' lang='lat' dir='ltr'><strong>enirn</strong></span> <span class='ocrx_word' id='word_1_77' title='bbox 218 1067 282 1112; x_wconf 86' lang='lat' dir='ltr'><strong>erat</strong></span> <span class='ocrx_word' id='word_1_78' title='bbox 290 1063 439 1126; x_wconf 81' lang='lat' dir='ltr'><strong>instructa,</strong></span> <span class='ocrx_word' id='word_1_79' title='bbox 449 1069 481 1113; x_wconf 89' lang='lat' dir='ltr'><strong>ut</strong></span> <span class='ocrx_word' id='word_1_80' title='bbox 490 1063 570 1116; x_wconf 86' lang='lat' dir='ltr'><strong>nulle</strong></span> <span class='ocrx_word' id='word_1_81' title='bbox 583 1066 612 1116; x_wconf 89' lang='lat' dir='ltr'><strong>iu</strong></span> <span class='ocrx_word' id='word_1_82' title='bbox 626 1079 658 1116; x_wconf 86' lang='lat' dir='ltr'><strong>re</strong></span> <span class='ocrx_word' id='word_1_83' title='bbox 672 1064 799 1118; x_wconf 79' lang='lat' dir='ltr'><strong>differret</strong></span> <span class='ocrx_word' id='word_1_84' title='bbox 814 1082 861 1118; x_wconf 90' lang='lat' dir='ltr'><strong>cu-</strong></span> 
     </span>
     <span class='ocr_line' id='line_1_14' title="bbox 72 1130 470 1198; baseline -0.003 -15"><span class='ocrx_word' id='word_1_85' title='bbox 72 1131 157 1183; x_wconf 76' lang='lat' dir='ltr'><strong>iusvis</strong></span> <span class='ocrx_word' id='word_1_86' title='bbox 167 1130 257 1195; x_wconf 84' lang='lat' dir='ltr'><strong>inopis</strong></span> <span class='ocrx_word' id='word_1_87' title='bbox 267 1135 350 1198; x_wconf 86' lang='lat' dir='ltr'><strong>etque</strong></span> <span class='ocrx_word' id='word_1_88' title='bbox 361 1131 470 1198; x_wconf 85' lang='lat' dir='ltr'><strong>privati.</strong></span> 
     </span>
    </p>

    <p class='ocr_par' dir='ltr' id='par_1_3' title="bbox 72 1197 886 1544">
     <span class='ocr_line' id='line_1_15' title="bbox 122 1197 886 1268; baseline 0.01 -18"><span class='ocrx_word' id='word_1_89' title='bbox 122 1198 194 1251; x_wconf 85' lang='lat' dir='ltr'><strong>vili.</strong></span> <span class='ocrx_word' id='word_1_90' title='bbox 212 1200 302 1267; x_wconf 82' lang='lat' dir='ltr'><strong>Atque</strong></span> <span class='ocrx_word' id='word_1_91' title='bbox 313 1197 357 1252; x_wconf 89' lang='lat' dir='ltr'><strong>hic</strong></span> <span class='ocrx_word' id='word_1_92' title='bbox 367 1205 463 1252; x_wconf 75' lang='lat' dir='ltr'><strong>tentus</strong></span> <span class='ocrx_word' id='word_1_93' title='bbox 472 1202 523 1268; x_wconf 73' lang='lat' dir='ltr'><strong>vir,</strong></span> <span class='ocrx_word' id='word_1_94' title='bbox 532 1206 565 1253; x_wconf 86' lang='lat' dir='ltr'><strong>ut</strong></span> <span class='ocrx_word' id='word_1_95' title='bbox 574 1207 701 1255; x_wconf 78' lang='lat' dir='ltr'><strong>naturum</strong></span> <span class='ocrx_word' id='word_1_96' title='bbox 713 1203 860 1258; x_wconf 78' lang='lat' dir='ltr'><strong>fautricem</strong></span> <span class='ocrx_word' id='word_1_97' title='bbox 882 1243 886 1250; x_wconf 84' lang='lat'><em>-</em></span> 
     </span>
     <span class='ocr_line' id='line_1_16' title="bbox 73 1266 861 1336; baseline 0.01 -17"><span class='ocrx_word' id='word_1_98' title='bbox 73 1266 246 1321; x_wconf 84' lang='lat' dir='ltr'><strong>habueratin</strong></span> <span class='ocrx_word' id='word_1_99' title='bbox 257 1269 412 1322; x_wconf 82' lang='lat' dir='ltr'><strong>tribuendis</strong></span> <span class='ocrx_word' id='word_1_100' title='bbox 422 1273 508 1323; x_wconf 83' lang='lat' dir='ltr'><strong>animi</strong></span> <span class='ocrx_word' id='word_1_101' title='bbox 520 1273 685 1336; x_wconf 75' lang='lat' dir='ltr'><strong>virtutibus,</strong></span> <span class='ocrx_word' id='word_1_102' title='bbox 700 1275 740 1324; x_wconf 80' lang='lat' dir='ltr'><strong>sic</strong></span> <span class='ocrx_word' id='word_1_103' title='bbox 755 1276 861 1331; x_wconf 83' lang='lat' dir='ltr'><strong>maleli-</strong></span> 
     </span>
     <span class='ocr_line' id='line_1_17' title="bbox 74 1339 861 1410; baseline 0.006 -20"><span class='ocrx_word' id='word_1_104' title='bbox 74 1353 134 1390; x_wconf 85' lang='lat' dir='ltr'><strong>oam</strong></span> <span class='ocrx_word' id='word_1_105' title='bbox 145 1339 298 1396; x_wconf 74' lang='lat' dir='ltr'><strong>nactus&#39;eet</strong></span> <span class='ocrx_word' id='word_1_106' title='bbox 306 1340 335 1390; x_wconf 90' lang='lat' dir='ltr'><strong>in</strong></span> <span class='ocrx_word' id='word_1_107' title='bbox 345 1353 462 1406; x_wconf 77' lang='lat' dir='ltr'><strong>corpore</strong></span> <span class='ocrx_word' id='word_1_108' title='bbox 472 1342 610 1410; x_wconf 82' lang='lat' dir='ltr'><strong>lingendo.</strong></span> <span class='ocrx_word' id='word_1_109' title='bbox 630 1377 634 1388; x_wconf 87' lang='lat'>.</span> <span class='ocrx_word' id='word_1_110' title='bbox 646 1341 717 1394; x_wconf 85' lang='lat' dir='ltr'><strong>Nam</strong></span> <span class='ocrx_word' id='word_1_111' title='bbox 729 1348 757 1394; x_wconf 87' lang='lat' dir='ltr'><strong>et</strong></span> <span class='ocrx_word' id='word_1_112' title='bbox 770 1349 861 1396; x_wconf 77' lang='lat' dir='ltr'><strong>etatu-</strong></span> 
     </span>
     <span class='ocr_line' id='line_1_18' title="bbox 72 1405 860 1478; baseline 0.005 -18"><span class='ocrx_word' id='word_1_113' title='bbox 72 1421 106 1460; x_wconf 92' lang='lat' dir='ltr'><strong>ra</strong></span> <span class='ocrx_word' id='word_1_114' title='bbox 116 1407 171 1458; x_wconf 83' lang='lat' dir='ltr'><strong>fuit</strong></span> <span class='ocrx_word' id='word_1_115' title='bbox 181 1405 291 1471; x_wconf 85' lang='lat' dir='ltr'><strong>humili,</strong></span> <span class='ocrx_word' id='word_1_116' title='bbox 302 1414 331 1460; x_wconf 82' lang='lat' dir='ltr'><strong>et</strong></span> <span class='ocrx_word' id='word_1_117' title='bbox 341 1423 458 1476; x_wconf 83' lang='lat' dir='ltr'><strong>corpore</strong></span> <span class='ocrx_word' id='word_1_118' title='bbox 468 1413 583 1478; x_wconf 81' lang='lat' dir='ltr'><strong>exiguo,</strong></span> <span class='ocrx_word' id='word_1_119' title='bbox 602 1415 632 1463; x_wconf 85' lang='lat' dir='ltr'><strong>et</strong></span> <span class='ocrx_word' id='word_1_120' title='bbox 641 1411 757 1463; x_wconf 80' lang='lat' dir='ltr'><strong>claudus</strong></span> <span class='ocrx_word' id='word_1_121' title='bbox 769 1413 860 1464; x_wconf 86' lang='lat' dir='ltr'><strong>altero</strong></span> 
     </span>
     <span class='ocr_line' id='line_1_19' title="bbox 73 1476 861 1544; baseline 0.005 -16"><span class='ocrx_word' id='word_1_122' title='bbox 73 1477 152 1544; x_wconf 83' lang='lat' dir='ltr'><strong>pede.</strong></span> <span class='ocrx_word' id='word_1_123' title='bbox 177 1476 310 1540; x_wconf 74' lang='lat' dir='ltr'><strong>Quaeres</strong></span> <span class='ocrx_word' id='word_1_124' title='bbox 321 1481 404 1530; x_wconf 83' lang='lat' dir='ltr'><strong>etiem</strong></span> <span class='ocrx_word' id='word_1_125' title='bbox 414 1479 575 1530; x_wconf 83' lang='lat' dir='ltr'><strong>nonnullam</strong></span> <span class='ocrx_word' id='word_1_126' title='bbox 587 1479 722 1532; x_wconf 83' lang='lat' dir='ltr'><strong>efferebat</strong></span> <span class='ocrx_word' id='word_1_127' title='bbox 732 1480 861 1533; x_wconf 75' lang='lat' dir='ltr'><strong>deformi-</strong></span> 
     </span>
    </p>
   </div>
   <div class='ocr_carea' id='block_1_3' title="bbox 71 1547 966 1618">
    <p class='ocr_par' dir='ltr' id='par_1_4' title="bbox 71 1547 966 1618">
     <span class='ocr_line' id='line_1_20' title="bbox 71 1547 966 1618; baseline 0 -18"><span class='ocrx_word' id='word_1_128' title='bbox 71 1551 176 1600; x_wconf 83' lang='lat' dir='ltr'><strong>tatem:</strong></span> <span class='ocrx_word' id='word_1_129' title='bbox 193 1549 278 1613; x_wconf 76' lang='lat' dir='ltr'><strong>etque</strong></span> <span class='ocrx_word' id='word_1_130' title='bbox 288 1549 385 1614; x_wconf 73' lang='lat' dir='ltr'><strong>ignoti,</strong></span> <span class='ocrx_word' id='word_1_131' title='bbox 395 1547 494 1600; x_wconf 83' lang='lat' dir='ltr'><strong>faciem</strong></span> <span class='ocrx_word' id='word_1_132' title='bbox 508 1550 568 1599; x_wconf 81' lang='lat' dir='ltr'><strong>eius</strong></span> <span class='ocrx_word' id='word_1_133' title='bbox 579 1563 664 1615; x_wconf 90' lang='lat' dir='ltr'><strong>quum</strong></span> <span class='ocrx_word' id='word_1_134' title='bbox 674 1549 860 1614; x_wconf 74' lang='lat' dir='ltr'><strong>intuerentur,</strong></span> <span class='ocrx_word' id='word_1_135' title='bbox 956 1603 966 1618; x_wconf 36' lang='lat'><em>⁴</em></span> 
     </span>
    </p>
   </div>
   <div class='ocr_carea' id='block_1_4' title="bbox 6 1615 871 2377">
    <p class='ocr_par' dir='ltr' id='par_1_5' title="bbox 69 1615 861 2167">
     <span class='ocr_line' id='line_1_21' title="bbox 72 1615 859 1684; baseline 0.003 -16"><span class='ocrx_word' id='word_1_136' title='bbox 72 1615 305 1679; x_wconf 83' lang='lat' dir='ltr'><strong>contemnebant3</strong></span> <span class='ocrx_word' id='word_1_137' title='bbox 329 1619 376 1684; x_wconf 88' lang='lat' dir='ltr'><strong>qui</strong></span> <span class='ocrx_word' id='word_1_138' title='bbox 397 1621 490 1668; x_wconf 84' lang='lat' dir='ltr'><strong>autem</strong></span> <span class='ocrx_word' id='word_1_139' title='bbox 510 1619 627 1667; x_wconf 74' lang='lat' dir='ltr'><strong>virtutes</strong></span> <span class='ocrx_word' id='word_1_140' title='bbox 641 1623 789 1680; x_wconf 80' lang='lat' dir='ltr'><strong>noverant,</strong></span> <span class='ocrx_word' id='word_1_141' title='bbox 803 1634 859 1676; x_wconf 86' lang='lat' dir='ltr'><strong>non</strong></span> 
     </span>
     <span class='ocr_line' id='line_1_22' title="bbox 71 1684 861 1754; baseline 0.003 -18"><span class='ocrx_word' id='word_1_142' title='bbox 71 1689 205 1752; x_wconf 83' lang='lat' dir='ltr'><strong>poterant</strong></span> <span class='ocrx_word' id='word_1_143' title='bbox 214 1684 346 1736; x_wconf 79' lang='lat' dir='ltr'><strong>admirari</strong></span> <span class='ocrx_word' id='word_1_144' title='bbox 356 1685 431 1738; x_wconf 77' lang='lat' dir='ltr'><strong>eatis.</strong></span> <span class='ocrx_word' id='word_1_145' title='bbox 448 1686 474 1738; x_wconf 80' lang='lat'><em>2</em></span> <span class='ocrx_word' id='word_1_146' title='bbox 492 1685 573 1747; x_wconf 76' lang='lat' dir='ltr'><strong>Quod</strong></span> <span class='ocrx_word' id='word_1_147' title='bbox 584 1687 610 1737; x_wconf 89' lang='lat' dir='ltr'><strong>ci</strong></span> <span class='ocrx_word' id='word_1_148' title='bbox 619 1687 764 1749; x_wconf 71' lang='lat' dir='ltr'><strong>usuvenit,</strong></span> <span class='ocrx_word' id='word_1_149' title='bbox 775 1701 861 1754; x_wconf 84' lang='lat' dir='ltr'><strong>quum</strong></span> 
     </span>
     <span class='ocr_line' id='line_1_23' title="bbox 71 1753 861 1822; baseline 0.001 -16"><span class='ocrx_word' id='word_1_150' title='bbox 71 1768 211 1806; x_wconf 79' lang='lat' dir='ltr'><strong>annorum</strong></span> <span class='ocrx_word' id='word_1_151' title='bbox 223 1757 366 1822; x_wconf 81' lang='lat' dir='ltr'><strong>octogiuta</strong></span> <span class='ocrx_word' id='word_1_152' title='bbox 375 1755 499 1807; x_wconf 67' lang='lat' dir='ltr'><strong>subsidio</strong></span> <span class='ocrx_word' id='word_1_153' title='bbox 509 1753 605 1816; x_wconf 80' lang='lat' dir='ltr'><strong>Tacho</strong></span> <span class='ocrx_word' id='word_1_154' title='bbox 615 1756 645 1805; x_wconf 90' lang='lat' dir='ltr'><strong>iu</strong></span> <span class='ocrx_word' id='word_1_155' title='bbox 657 1757 716 1822; x_wconf 80' lang='lat' dir='ltr'><strong>Aeg</strong></span> <span class='ocrx_word' id='word_1_156' title='bbox 755 1761 814 1807; x_wconf 83' lang='lat' dir='ltr'><strong>tum</strong></span> <span class='ocrx_word' id='word_1_157' title='bbox 825 1759 861 1807; x_wconf 80' lang='lat' dir='ltr'><strong>ie·</strong></span> 
     </span>
     <span class='ocr_line' id='line_1_24' title="bbox 69 1824 860 1890; baseline 0 -14"><span class='ocrx_word' id='word_1_158' title='bbox 69 1829 127 1887; x_wconf 82' lang='lat' dir='ltr'><strong>eet,</strong></span> <span class='ocrx_word' id='word_1_159' title='bbox 137 1829 167 1875; x_wconf 89' lang='lat' dir='ltr'><strong>et</strong></span> <span class='ocrx_word' id='word_1_160' title='bbox 176 1824 207 1874; x_wconf 76' lang='lat' dir='ltr'><strong>iu</strong></span> <span class='ocrx_word' id='word_1_161' title='bbox 216 1827 279 1876; x_wconf 83' lang='lat' dir='ltr'><strong>acta</strong></span> <span class='ocrx_word' id='word_1_162' title='bbox 289 1839 350 1876; x_wconf 88' lang='lat' dir='ltr'><strong>cum</strong></span> <span class='ocrx_word' id='word_1_163' title='bbox 360 1825 418 1875; x_wconf 78' lang='lat' dir='ltr'><strong>ouis</strong></span> <span class='ocrx_word' id='word_1_164' title='bbox 428 1825 605 1878; x_wconf 75' lang='lat' dir='ltr'><strong>accubuisset</strong></span> <span class='ocrx_word' id='word_1_165' title='bbox 615 1825 675 1876; x_wconf 80' lang='lat' dir='ltr'><strong>aine</strong></span> <span class='ocrx_word' id='word_1_166' title='bbox 690 1839 708 1875; x_wconf 89' lang='grc' dir='ltr'><strong>ιι</strong></span> <span class='ocrx_word' id='word_1_167' title='bbox 721 1824 749 1875; x_wconf 92' lang='lat' dir='ltr'><strong>io</strong></span> <span class='ocrx_word' id='word_1_168' title='bbox 765 1829 860 1890; x_wconf 83' lang='lat' dir='ltr'><strong>tecto;</strong></span> 
     </span>
     <span class='ocr_line' id='line_1_25' title="bbox 71 1891 860 1964; baseline 0.003 -20"><span class='ocrx_word' id='word_1_169' title='bbox 71 1899 248 1964; x_wconf 57' lang='lat' dir='ltr'><strong>atratumque</strong></span> <span class='ocrx_word' id='word_1_170' title='bbox 259 1891 455 1957; x_wconf 59' lang='lat' dir='ltr'><strong>haberentue,</strong></span> <span class='ocrx_word' id='word_1_171' title='bbox 465 1900 499 1946; x_wconf 86' lang='lat' dir='ltr'><strong>ut</strong></span> <span class='ocrx_word' id='word_1_172' title='bbox 512 1897 590 1946; x_wconf 81' lang='lat' dir='ltr'><strong>terra</strong></span> <span class='ocrx_word' id='word_1_173' title='bbox 604 1897 680 1946; x_wconf 85' lang='lat' dir='ltr'><strong>tecta</strong></span> <span class='ocrx_word' id='word_1_174' title='bbox 695 1899 770 1948; x_wconf 75' lang='lat' dir='ltr'><strong>esset</strong></span> <span class='ocrx_word' id='word_1_175' title='bbox 787 1899 860 1946; x_wconf 82' lang='lat' dir='ltr'><strong>stra·</strong></span> 
     </span>
     <span class='ocr_line' id='line_1_26' title="bbox 70 1961 860 2032; baseline 0 -16"><span class='ocrx_word' id='word_1_176' title='bbox 70 1963 188 2025; x_wconf 77' lang='lat' dir='ltr'><strong>mentis,</strong></span> <span class='ocrx_word' id='word_1_177' title='bbox 198 1975 288 2030; x_wconf 85' lang='lat' dir='ltr'><strong>neque</strong></span> <span class='ocrx_word' id='word_1_178' title='bbox 299 1961 495 2030; x_wconf 82' lang='lat' dir='ltr'><strong>hucamplius,</strong></span> <span class='ocrx_word' id='word_1_179' title='bbox 505 1963 592 2032; x_wconf 82' lang='lat' dir='ltr'><strong>&#39;quam</strong></span> <span class='ocrx_word' id='word_1_180' title='bbox 606 1963 688 2030; x_wconf 77' lang='lat' dir='ltr'><strong>pellit</strong></span> <span class='ocrx_word' id='word_1_181' title='bbox 704 1969 777 2016; x_wconf 75' lang='lat' dir='ltr'><strong>esset</strong></span> <span class='ocrx_word' id='word_1_182' title='bbox 790 1965 860 2016; x_wconf 86' lang='lat' dir='ltr'><strong>inie-</strong></span> 
     </span>
     <span class='ocr_line' id='line_1_27' title="bbox 72 2031 861 2098; baseline 0.004 -14"><span class='ocrx_word' id='word_1_183' title='bbox 72 2039 130 2095; x_wconf 83' lang='lat' dir='ltr'><strong>cte3</strong></span> <span class='ocrx_word' id='word_1_184' title='bbox 148 2031 304 2098; x_wconf 84' lang='lat' dir='ltr'><strong>eodemque</strong></span> <span class='ocrx_word' id='word_1_185' title='bbox 316 2034 432 2085; x_wconf 77' lang='lat' dir='ltr'><strong>comites</strong></span> <span class='ocrx_word' id='word_1_186' title='bbox 442 2046 539 2086; x_wconf 77' lang='lat' dir='ltr'><strong>omnes</strong></span> <span class='ocrx_word' id='word_1_187' title='bbox 554 2034 747 2089; x_wconf 77' lang='lat' dir='ltr'><strong>accubuissent</strong></span> <span class='ocrx_word' id='word_1_188' title='bbox 758 2035 861 2087; x_wconf 81' lang='lat' dir='ltr'><strong>vestitu</strong></span> 
     </span>
     <span class='ocr_line' id='line_1_28' title="bbox 71 2100 860 2167; baseline 0.001 -14"><span class='ocrx_word' id='word_1_189' title='bbox 71 2100 172 2153; x_wconf 88' lang='lat' dir='ltr'><strong>humili</strong></span> <span class='ocrx_word' id='word_1_190' title='bbox 183 2107 268 2167; x_wconf 83' lang='lat' dir='ltr'><strong>atque</strong></span> <span class='ocrx_word' id='word_1_191' title='bbox 279 2100 421 2164; x_wconf 73' lang='lat' dir='ltr'><strong>obsoleto,</strong></span> <span class='ocrx_word' id='word_1_192' title='bbox 431 2107 569 2154; x_wconf 83' lang='lat' dir='ltr'><strong>uteorum</strong></span> <span class='ocrx_word' id='word_1_193' title='bbox 580 2107 695 2154; x_wconf 84' lang='lat' dir='ltr'><strong>ornatus</strong></span> <span class='ocrx_word' id='word_1_194' title='bbox 705 2119 760 2155; x_wconf 91' lang='lat' dir='ltr'><strong>non</strong></span> <span class='ocrx_word' id='word_1_195' title='bbox 776 2103 860 2154; x_wconf 85' lang='lat' dir='ltr'><strong>modo</strong></span> 
     </span>
    </p>

    <p class='ocr_par' dir='ltr' id='par_1_6' title="bbox 6 2170 871 2377">
     <span class='ocr_line' id='line_1_29' title="bbox 37 2170 860 2244; baseline 0.006 -23"><span class='ocrx_word' id='word_1_196' title='bbox 37 2178 40 2186; x_wconf 89' lang='grc'><strong>“</strong></span> <span class='ocrx_word' id='word_1_197' title='bbox 70 2172 100 2222; x_wconf 90' lang='lat' dir='ltr'><strong>ln</strong></span> <span class='ocrx_word' id='word_1_198' title='bbox 110 2170 154 2222; x_wconf 84' lang='lat' dir='ltr'><strong>his</strong></span> <span class='ocrx_word' id='word_1_199' title='bbox 165 2183 260 2237; x_wconf 84' lang='lat' dir='ltr'><strong>regem</strong></span> <span class='ocrx_word' id='word_1_200' title='bbox 271 2170 409 2228; x_wconf 85' lang='lat' dir='ltr'><strong>neminem</strong></span> <span class='ocrx_word' id='word_1_201' title='bbox 420 2172 602 2244; x_wconf 72' lang='lat' dir='ltr'><strong>significaret,</strong></span> <span class='ocrx_word' id='word_1_202' title='bbox 614 2172 664 2224; x_wconf 76' lang='lat' dir='ltr'><strong>sed</strong></span> <span class='ocrx_word' id='word_1_203' title='bbox 674 2171 793 2223; x_wconf 83' lang='lat' dir='ltr'><strong>bominis</strong></span> <span class='ocrx_word' id='word_1_204' title='bbox 801 2185 860 2227; x_wconf 82' lang='lat' dir='ltr'><strong>nou</strong></span> 
     </span>
     <span class='ocr_line' id='line_1_30' title="bbox 6 2235 861 2306; baseline -0.001 -14"><span class='ocrx_word' id='word_1_205' title='bbox 6 2235 7 2244; x_wconf 72' lang='grc'>’</span> <span class='ocrx_word' id='word_1_206' title='bbox 70 2238 226 2294; x_wconf 76' lang='lat' dir='ltr'><strong>beatissimi</strong></span> <span class='ocrx_word' id='word_1_207' title='bbox 236 2240 423 2306; x_wconf 74' lang='lat' dir='ltr'><strong>suspicionem</strong></span> <span class='ocrx_word' id='word_1_208' title='bbox 433 2239 587 2306; x_wconf 77' lang='lat' dir='ltr'><strong>praeheret</strong></span> <span class='ocrx_word' id='word_1_209' title='bbox 622 2238 647 2292; x_wconf 84' lang='grc'><strong>3.</strong></span> <span class='ocrx_word' id='word_1_210' title='bbox 665 2240 861 2294; x_wconf 72' lang='grc' dir='ltr'>Ηιιῐιιιᾱοιιὼ</span> 
     </span>
     <span class='ocr_line' id='line_1_31' title="bbox 69 2307 871 2377; baseline 0.004 -14"><span class='ocrx_word' id='word_1_211' title='bbox 69 2315 155 2364; x_wconf 68' lang='lat' dir='ltr'><strong>ventu</strong></span> <span class='ocrx_word' id='word_1_212' title='bbox 164 2307 242 2364; x_wconf 80' lang='lat' dir='ltr'><strong>fama</strong></span> <span class='ocrx_word' id='word_1_213' title='bbox 252 2323 337 2375; x_wconf 86' lang='lat' dir='ltr'><strong>quum</strong></span> <span class='ocrx_word' id='word_1_214' title='bbox 349 2309 384 2360; x_wconf 87' lang='lat' dir='ltr'><strong>ad</strong></span> <span class='ocrx_word' id='word_1_215' title='bbox 394 2311 488 2376; x_wconf 81' lang='lat' dir='ltr'><strong>regios</strong></span> <span class='ocrx_word' id='word_1_216' title='bbox 503 2316 577 2364; x_wconf 81' lang='lat' dir='ltr'><strong>esset</strong></span> <span class='ocrx_word' id='word_1_217' title='bbox 591 2311 714 2377; x_wconf 81' lang='lat' dir='ltr'><strong>perlata,</strong></span> <span class='ocrx_word' id='word_1_218' title='bbox 729 2307 871 2366; x_wconf 82' lang='lat' dir='ltr'><strong>celeriter.</strong></span> 
     </span>
    </p>
   </div>
   <div class='ocr_carea' id='block_1_5' title="bbox 69 2378 950 2446">
    <p class='ocr_par' dir='ltr' id='par_1_7' title="bbox 69 2378 950 2446">
     <span class='ocr_line' id='line_1_32' title="bbox 69 2378 950 2446; baseline -0.005 -12"><span class='ocrx_word' id='word_1_219' title='bbox 69 2391 190 2434; x_wconf 81' lang='lat' dir='ltr'><strong>munero</strong></span> <span class='ocrx_word' id='word_1_220' title='bbox 200 2378 377 2445; x_wconf 82' lang='lat' dir='ltr'><strong>eocuiusquo</strong></span> <span class='ocrx_word' id='word_1_221' title='bbox 388 2381 498 2445; x_wconf 76' lang='lat' dir='ltr'><strong>generis</strong></span> <span class='ocrx_word' id='word_1_222' title='bbox 508 2386 573 2430; x_wconf 83' lang='lat' dir='ltr'><strong>sunt</strong></span> <span class='ocrx_word' id='word_1_223' title='bbox 583 2380 678 2431; x_wconf 81' lang='lat' dir='ltr'><strong>allata.</strong></span> <span class='ocrx_word' id='word_1_224' title='bbox 713 2379 858 2446; x_wconf 81' lang='lat' dir='ltr'><strong>Hisquae·</strong></span> <span class='ocrx_word' id='word_1_225' title='bbox 947 2379 950 2381; x_wconf 80' lang='grc'><strong>’</strong></span> 
     </span>
    </p>
   </div>
   <div class='ocr_carea' id='block_1_6' title="bbox 7 2447 860 2799">
    <p class='ocr_par' dir='ltr' id='par_1_8' title="bbox 7 2447 860 2650">
     <span class='ocr_line' id='line_1_33' title="bbox 7 2447 859 2512; baseline 0 -12"><span class='ocrx_word' id='word_1_226' title='bbox 7 2471 9 2480; x_wconf 58' lang='grc'><strong>&gt;</strong></span> <span class='ocrx_word' id='word_1_227' title='bbox 68 2448 199 2502; x_wconf 81' lang='lat' dir='ltr'><strong>rentibus</strong></span> <span class='ocrx_word' id='word_1_228' title='bbox 209 2447 370 2512; x_wconf 80' lang='lat' dir='ltr'><strong>Agesilaum</strong></span> <span class='ocrx_word' id='word_1_229' title='bbox 385 2449 431 2498; x_wconf 81' lang='lat' dir='ltr'><strong>vix</strong></span> <span class='ocrx_word' id='word_1_230' title='bbox 446 2449 514 2500; x_wconf 79' lang='lat' dir='ltr'><strong>tideo</strong></span> <span class='ocrx_word' id='word_1_231' title='bbox 532 2447 608 2500; x_wconf 82' lang='lat' dir='ltr'><strong>iacta</strong></span> <span class='ocrx_word' id='word_1_232' title='bbox 622 2453 679 2510; x_wconf 81' lang='lat' dir='ltr'><strong>eet,</strong></span> <span class='ocrx_word' id='word_1_233' title='bbox 694 2462 780 2498; x_wconf 90' lang='lat' dir='ltr'><strong>unum</strong></span> <span class='ocrx_word' id='word_1_234' title='bbox 797 2461 859 2502; x_wconf 69' lang='lat' dir='ltr'><strong>enea</strong></span> 
     </span>
     <span class='ocr_line' id='line_1_34' title="bbox 64 2514 859 2636; baseline -0.001 -68"><span class='ocrx_word' id='word_1_235' title='bbox 64 2524 105 2568; x_wconf 79' lang='lat' dir='ltr'><strong>&#39;ex</strong></span> <span class='ocrx_word' id='word_1_236' title='bbox 125 2514 185 2578; x_wconf 80' lang='lat' dir='ltr'><strong>hie,</strong></span> <span class='ocrx_word' id='word_1_237' title='bbox 204 2516 252 2582; x_wconf 91' lang='lat' dir='ltr'><strong>qui</strong></span> <span class='ocrx_word' id='word_1_238' title='bbox 272 2521 330 2566; x_wconf 89' lang='lat' dir='ltr'><strong>turn</strong></span> <span class='ocrx_word' id='word_1_239' title='bbox 342 2515 522 2636; x_wconf 58' lang='lat' dir='ltr'><strong>aocubugant.</strong></span> <span class='ocrx_word' id='word_1_240' title='bbox 558 2515 584 2566; x_wconf 88' lang='grc'><strong>4.</strong></span> <span class='ocrx_word' id='word_1_241' title='bbox 602 2517 657 2577; x_wconf 76' lang='lat' dir='ltr'><strong>Qui</strong></span> <span class='ocrx_word' id='word_1_242' title='bbox 678 2529 763 2584; x_wconf 89' lang='lat' dir='ltr'><strong>quum</strong></span> <span class='ocrx_word' id='word_1_243' title='bbox 784 2517 859 2584; x_wconf 76' lang='lat' dir='ltr'><strong>regie</strong></span> 
     </span>
     <span class='ocr_line' id='line_1_35' title="bbox 67 2582 860 2650; baseline 0.003 -16"><span class='ocrx_word' id='word_1_244' title='bbox 67 2586 177 2646; x_wconf 80' lang='lat' dir='ltr'><strong>verbis,</strong></span> <span class='ocrx_word' id='word_1_245' title='bbox 208 2597 261 2633; x_wconf 85' lang='lat' dir='ltr'><strong>uae</strong></span> <span class='ocrx_word' id='word_1_246' title='bbox 272 2582 434 2648; x_wconf 80' lang='lat' dir='ltr'><strong>attulerant,</strong></span> <span class='ocrx_word' id='word_1_247' title='bbox 465 2585 595 2647; x_wconf 73' lang='lat' dir='ltr'><strong>edissent,</strong></span> <span class='ocrx_word' id='word_1_248' title='bbox 605 2584 654 2636; x_wconf 92' lang='lat' dir='ltr'><strong>ille</strong></span> <span class='ocrx_word' id='word_1_249' title='bbox 666 2589 779 2650; x_wconf 86' lang='lat' dir='ltr'><strong>praeter</strong></span> <span class='ocrx_word' id='word_1_250' title='bbox 787 2585 860 2636; x_wconf 80' lang='lat' dir='ltr'><strong>ritu·</strong></span> 
     </span>
    </p>

    <p class='ocr_par' dir='ltr' id='par_1_9' title="bbox 7 2651 859 2799">
     <span class='ocr_line' id='line_1_36' title="bbox 30 2651 859 2721; baseline -0.004 -15"><span class='ocrx_word' id='word_1_251' title='bbox 30 2699 34 2706; x_wconf 90' lang='lat'>.</span> <span class='ocrx_word' id='word_1_252' title='bbox 68 2653 128 2706; x_wconf 87' lang='lat' dir='ltr'><strong>lina</strong></span> <span class='ocrx_word' id='word_1_253' title='bbox 147 2655 178 2704; x_wconf 84' lang='lat' dir='ltr'><strong>et</strong></span> <span class='ocrx_word' id='word_1_254' title='bbox 217 2651 362 2706; x_wconf 76' lang='lat' dir='ltr'><strong>eiusmodi.</strong></span> <span class='ocrx_word' id='word_1_255' title='bbox 374 2667 477 2721; x_wconf 78' lang='lat' dir='ltr'><strong>genera</strong></span> <span class='ocrx_word' id='word_1_256' title='bbox 497 2654 617 2718; x_wconf 80' lang='lat' dir='ltr'><strong>opsonii,</strong></span> <span class='ocrx_word' id='word_1_257' title='bbox 635 2667 706 2720; x_wconf 85' lang='lat' dir='ltr'><strong>quae</strong></span> <span class='ocrx_word' id='word_1_258' title='bbox 726 2667 859 2720; x_wconf 74' lang='lat' dir='ltr'><strong>praeseus</strong></span> 
     </span>
     <span class='ocr_line' id='line_1_37' title="bbox 7 2717 857 2799; baseline -0.002 -25"><span class='ocrx_word' id='word_1_259' title='bbox 7 2727 8 2734; x_wconf 75' lang='grc'>’</span> <span class='ocrx_word' id='word_1_260' title='bbox 69 2717 597 2792; x_wconf 77' lang='lat' dir='ltr'><strong>tempuedeeiderabat‚uihilocoepit;</strong></span> <span class='ocrx_word' id='word_1_261' title='bbox 615 2727 857 2799; x_wconf 57' lang='lat' dir='ltr'><strong>ungueotmcoro·</strong></span> 
     </span>
    </p>
   </div>
   <div class='ocr_carea' id='block_1_7' title="bbox 0 0 1032 2956">
    <p class='ocr_par' dir='ltr' id='par_1_10' title="bbox 0 0 1032 2956">
     <span class='ocr_line' id='line_1_38' title="bbox 0 0 1032 2956; baseline 0 0"><span class='ocrx_word' id='word_1_262' title='bbox 0 0 1032 2956; x_wconf 95' lang='lat' dir='ltr'><strong> </strong></span> 
     </span>
    </p>
   </div>
  </div>
 </body>
</html>
