<?xml version="1.0" encoding="UTF-8"?>
<!DOCTYPE html PUBLIC "-//W3C//DTD XHTML 1.0 Transitional//EN"
    "http://www.w3.org/TR/xhtml1/DTD/xhtml1-transitional.dtd">
<html xmlns="http://www.w3.org/1999/xhtml" xml:lang="en" lang="en">
 <head>
  <title>
</title>
<meta http-equiv="Content-Type" content="text/html;charset=utf-8" />
  <meta name='ocr-system' content='tesseract 3.04.00' />
  <meta name='ocr-capabilities' content='ocr_page ocr_carea ocr_par ocr_line ocrx_word'/>
</head>
<body>
  <div class='ocr_page' id='page_1' title='image "./corneliinepotis00weisgoog_0080.png"; bbox 0 0 2054 2956; ppageno 0'>
   <div class='ocr_carea' id='block_1_1' title="bbox 141 81 896 178">
    <p class='ocr_par' dir='ltr' id='par_1_1' title="bbox 141 81 896 178">
     <span class='ocr_line' id='line_1_1' title="bbox 141 81 896 178; baseline 0.003 -1"><span class='ocrx_word' id='word_1_1' title='bbox 141 151 146 162; x_wconf 30' lang='lat' dir='ltr'>a</span> <span class='ocrx_word' id='word_1_2' title='bbox 191 119 259 178; x_wconf 83' lang='lat' dir='ltr'>xv.</span> <span class='ocrx_word' id='word_1_3' title='bbox 277 109 597 174; x_wconf 78' lang='lat' dir='ltr'>ursnrn&#39;onnns</span> <span class='ocrx_word' id='word_1_4' title='bbox 615 121 685 174; x_wconf 88' lang='lat' dir='ltr'>vn.</span> <span class='ocrx_word' id='word_1_5' title='bbox 704 121 793 176; x_wconf 91' lang='lat' dir='ltr'>v111.</span> <span class='ocrx_word' id='word_1_6' title='bbox 854 81 896 178; x_wconf 80' lang='lat' dir='ltr'>as</span> 
     </span>
    </p>
   </div>
   <div class='ocr_carea' id='block_1_2' title="bbox 95 213 890 1130">
    <p class='ocr_par' dir='ltr' id='par_1_2' title="bbox 95 213 890 1130">
     <span class='ocr_line' id='line_1_2' title="bbox 102 213 890 294; baseline -0.008 -15"><span class='ocrx_word' id='word_1_7' title='bbox 102 226 209 284; x_wconf 87' lang='lat' dir='ltr'>militis.</span> <span class='ocrx_word' id='word_1_8' title='bbox 245 225 270 278; x_wconf 82' lang='lat'>2.</span> <span class='ocrx_word' id='word_1_9' title='bbox 289 213 311 276; x_wconf 83' lang='lat' dir='ltr'>l</span> <span class='ocrx_word' id='word_1_10' title='bbox 322 239 377 293; x_wconf 87' lang='lat' dir='ltr'>quo</span> <span class='ocrx_word' id='word_1_11' title='bbox 388 241 473 294; x_wconf 86' lang='lat' dir='ltr'>quum</span> <span class='ocrx_word' id='word_1_12' title='bbox 484 230 614 292; x_wconf 81' lang='lat' dir='ltr'>peterent</span> <span class='ocrx_word' id='word_1_13' title='bbox 623 239 714 292; x_wconf 89' lang='lat' dir='ltr'>opem,</span> <span class='ocrx_word' id='word_1_14' title='bbox 723 224 830 278; x_wconf 82' lang='lat' dir='ltr'>nullam</span> <span class='ocrx_word' id='word_1_15' title='bbox 841 227 890 278; x_wconf 70' lang='lat' dir='ltr'>ad·</span> 
     </span>
     <span class='ocr_line' id='line_1_3' title="bbox 100 295 890 358; baseline -0.01 -6"><span class='ocrx_word' id='word_1_16' title='bbox 100 298 190 352; x_wconf 83' lang='lat' dir='ltr'><strong>hibuit</strong></span> <span class='ocrx_word' id='word_1_17' title='bbox 200 295 362 348; x_wconf 79' lang='lat' dir='ltr'>memoriam</span> <span class='ocrx_word' id='word_1_18' title='bbox 378 295 578 358; x_wconf 76' lang='lat' dir='ltr'>contumeliae,</span> <span class='ocrx_word' id='word_1_19' title='bbox 595 299 623 348; x_wconf 84' lang='lat' dir='ltr'>et</span> <span class='ocrx_word' id='word_1_20' title='bbox 639 296 890 358; x_wconf 66' lang='lat' dir='ltr'>exercitumcbsi.</span> 
     </span>
     <span class='ocr_line' id='line_1_4' title="bbox 100 363 890 428; baseline -0.001 -8"><span class='ocrx_word' id='word_1_21' title='bbox 100 369 182 420; x_wconf 89' lang='lat' dir='ltr'>dione</span> <span class='ocrx_word' id='word_1_22' title='bbox 192 365 357 428; x_wconf 85' lang='lat' dir='ltr'>liberatum,</span> <span class='ocrx_word' id='word_1_23' title='bbox 367 363 479 416; x_wconf 87' lang='lat' dir='ltr'>domum</span> <span class='ocrx_word' id='word_1_24' title='bbox 490 365 604 418; x_wconf 80' lang='lat' dir='ltr'>reduxit</span> <span class='ocrx_word' id='word_1_25' title='bbox 613 366 789 417; x_wconf 83' lang='lat' dir='ltr'>incolumem.</span> <span class='ocrx_word' id='word_1_26' title='bbox 800 363 824 416; x_wconf 86' lang='lat'>³.</span> <span class='ocrx_word' id='word_1_27' title='bbox 836 365 890 419; x_wconf 82' lang='lat' dir='ltr'>Nc·</span> 
     </span>
     <span class='ocr_line' id='line_1_5' title="bbox 100 433 886 506; baseline -0.003 -18"><span class='ocrx_word' id='word_1_28' title='bbox 100 453 152 506; x_wconf 86' lang='lat' dir='ltr'>que</span> <span class='ocrx_word' id='word_1_29' title='bbox 163 449 231 488; x_wconf 84' lang='lat' dir='ltr'>vero</span> <span class='ocrx_word' id='word_1_30' title='bbox 242 433 295 485; x_wconf 87' lang='lat' dir='ltr'>hoc</span> <span class='ocrx_word' id='word_1_31' title='bbox 305 434 393 486; x_wconf 86' lang='lat' dir='ltr'>semel</span> <span class='ocrx_word' id='word_1_32' title='bbox 403 434 483 498; x_wconf 84' lang='lat' dir='ltr'>fecit,</span> <span class='ocrx_word' id='word_1_33' title='bbox 493 435 543 486; x_wconf 84' lang='lat' dir='ltr'>sed</span> <span class='ocrx_word' id='word_1_34' title='bbox 549 437 670 501; x_wconf 87' lang='lat' dir='ltr'>saepius.</span> <span class='ocrx_word' id='word_1_35' title='bbox 705 435 827 486; x_wconf 82' lang='lat' dir='ltr'>Maxime</span> <span class='ocrx_word' id='word_1_36' title='bbox 838 449 886 486; x_wconf 85' lang='lat' dir='ltr'>au-</span> 
     </span>
     <span class='ocr_line' id='line_1_6' title="bbox 98 504 886 572; baseline -0.004 -13"><span class='ocrx_word' id='word_1_37' title='bbox 98 513 154 559; x_wconf 90' lang='lat' dir='ltr'>tem</span> <span class='ocrx_word' id='word_1_38' title='bbox 166 505 221 556; x_wconf 83' lang='lat' dir='ltr'>fuit</span> <span class='ocrx_word' id='word_1_39' title='bbox 230 505 353 567; x_wconf 81' lang='lat' dir='ltr'>illustre,</span> <span class='ocrx_word' id='word_1_40' title='bbox 363 519 449 572; x_wconf 81' lang='lat' dir='ltr'>quum</span> <span class='ocrx_word' id='word_1_41' title='bbox 458 505 487 554; x_wconf 85' lang='lat' dir='ltr'>in</span> <span class='ocrx_word' id='word_1_42' title='bbox 499 504 721 570; x_wconf 76' lang='lat' dir='ltr'>Peloponnesum</span> <span class='ocrx_word' id='word_1_43' title='bbox 732 505 886 556; x_wconf 82' lang='lat' dir='ltr'>exercitum</span> 
     </span>
     <span class='ocr_line' id='line_1_7' title="bbox 99 571 887 640; baseline 0 -12"><span class='ocrx_word' id='word_1_44' title='bbox 99 577 225 628; x_wconf 80' lang='lat' dir='ltr'>duxisset</span> <span class='ocrx_word' id='word_1_45' title='bbox 235 573 367 625; x_wconf 87' lang='lat' dir='ltr'>adversus</span> <span class='ocrx_word' id='word_1_46' title='bbox 377 573 629 636; x_wconf 80' lang='lat' dir='ltr'>Lacedaemonios,</span> <span class='ocrx_word' id='word_1_47' title='bbox 646 571 816 640; x_wconf 76' lang='lat' dir='ltr'>haberetque</span> <span class='ocrx_word' id='word_1_48' title='bbox 829 575 887 628; x_wconf 71' lang='lat' dir='ltr'>col.</span> 
     </span>
     <span class='ocr_line' id='line_1_8' title="bbox 97 641 886 714; baseline -0.004 -16"><span class='ocrx_word' id='word_1_49' title='bbox 97 645 176 714; x_wconf 83' lang='lat' dir='ltr'>legas</span> <span class='ocrx_word' id='word_1_50' title='bbox 188 643 273 706; x_wconf 89' lang='lat' dir='ltr'>duos,</span> <span class='ocrx_word' id='word_1_51' title='bbox 284 657 401 712; x_wconf 89' lang='lat' dir='ltr'>quorum</span> <span class='ocrx_word' id='word_1_52' title='bbox 412 644 486 696; x_wconf 87' lang='lat' dir='ltr'>alter</span> <span class='ocrx_word' id='word_1_53' title='bbox 496 649 558 695; x_wconf 88' lang='lat' dir='ltr'>erat</span> <span class='ocrx_word' id='word_1_54' title='bbox 573 641 736 710; x_wconf 85' lang='lat' dir='ltr'>Pelopidas,</span> <span class='ocrx_word' id='word_1_55' title='bbox 751 645 794 694; x_wconf 82' lang='lat' dir='ltr'>vir</span> <span class='ocrx_word' id='word_1_56' title='bbox 803 642 886 695; x_wconf 83' lang='lat' dir='ltr'>fortis</span> 
     </span>
     <span class='ocr_line' id='line_1_9' title="bbox 98 712 887 782; baseline -0.011 -14"><span class='ocrx_word' id='word_1_57' title='bbox 98 721 280 768; x_wconf 79' lang='lat' dir='ltr'>austrannus.</span> <span class='ocrx_word' id='word_1_58' title='bbox 291 715 328 766; x_wconf 86' lang='lat' dir='ltr'>lli</span> <span class='ocrx_word' id='word_1_59' title='bbox 334 726 419 782; x_wconf 86' lang='lat' dir='ltr'>quarn</span> <span class='ocrx_word' id='word_1_60' title='bbox 425 714 586 766; x_wconf 88' lang='lat' dir='ltr'>criminibus</span> <span class='ocrx_word' id='word_1_61' title='bbox 596 712 819 764; x_wconf 82' lang='lat' dir='ltr'>adversariorum</span> <span class='ocrx_word' id='word_1_62' title='bbox 829 727 887 772; x_wconf 83' lang='lat' dir='ltr'>om.</span> 
     </span>
     <span class='ocr_line' id='line_1_10' title="bbox 97 781 888 849; baseline 0.001 -13"><span class='ocrx_word' id='word_1_63' title='bbox 97 799 145 836; x_wconf 88' lang='lat' dir='ltr'>nes</span> <span class='ocrx_word' id='word_1_64' title='bbox 155 785 185 836; x_wconf 87' lang='lat' dir='ltr'>in</span> <span class='ocrx_word' id='word_1_65' title='bbox 195 782 327 838; x_wconf 84' lang='lat' dir='ltr'>invidiam</span> <span class='ocrx_word' id='word_1_66' title='bbox 337 784 485 846; x_wconf 71' lang='lat' dir='ltr'>venissent,</span> <span class='ocrx_word' id='word_1_67' title='bbox 498 783 533 834; x_wconf 91' lang='lat' dir='ltr'>ob</span> <span class='ocrx_word' id='word_1_68' title='bbox 544 797 661 849; x_wconf 88' lang='lat' dir='ltr'>eamque</span> <span class='ocrx_word' id='word_1_69' title='bbox 671 795 730 832; x_wconf 87' lang='lat' dir='ltr'>rem</span> <span class='ocrx_word' id='word_1_70' title='bbox 740 781 888 848; x_wconf 77' lang='lat' dir='ltr'>imperium</span> 
     </span>
     <span class='ocr_line' id='line_1_11' title="bbox 97 850 888 920; baseline -0.001 -15"><span class='ocrx_word' id='word_1_71' title='bbox 97 851 142 906; x_wconf 81' lang='lat' dir='ltr'>lus</span> <span class='ocrx_word' id='word_1_72' title='bbox 150 857 230 905; x_wconf 84' lang='lat' dir='ltr'>esset</span> <span class='ocrx_word' id='word_1_73' title='bbox 236 852 409 919; x_wconf 81' lang='lat' dir='ltr'>abrogatum,</span> <span class='ocrx_word' id='word_1_74' title='bbox 420 857 503 920; x_wconf 82' lang='lat' dir='ltr'>atque¹</span> <span class='ocrx_word' id='word_1_75' title='bbox 514 853 542 902; x_wconf 95' lang='lat' dir='ltr'>in</span> <span class='ocrx_word' id='word_1_76' title='bbox 550 850 744 904; x_wconf 83' lang='lat' dir='ltr'>eorumlocunr</span> <span class='ocrx_word' id='word_1_77' title='bbox 755 853 803 903; x_wconf 88' lang='lat' dir='ltr'>alii</span> <span class='ocrx_word' id='word_1_78' title='bbox 810 867 888 918; x_wconf 85' lang='lat' dir='ltr'>prae·</span> 
     </span>
     <span class='ocr_line' id='line_1_12' title="bbox 96 919 886 989; baseline 0.001 -15"><span class='ocrx_word' id='word_1_79' title='bbox 96 929 172 976; x_wconf 88' lang='lat' dir='ltr'>tores</span> <span class='ocrx_word' id='word_1_80' title='bbox 192 924 403 974; x_wconf 78' lang='lat' dir='ltr'>successissent:</span> <span class='ocrx_word' id='word_1_81' title='bbox 435 921 460 974; x_wconf 70' lang='lat' dir='ltr'>ti,</span> <span class='ocrx_word' id='word_1_82' title='bbox 492 919 700 987; x_wconf 82' lang='lat' dir='ltr'>Epaminondas</span> <span class='ocrx_word' id='word_1_83' title='bbox 719 922 886 989; x_wconf 85' lang='lat' dir='ltr'>populiscitu</span> 
     </span>
     <span class='ocr_line' id='line_1_13' title="bbox 95 989 886 1060; baseline -0.004 -16"><span class='ocrx_word' id='word_1_84' title='bbox 95 1007 149 1044; x_wconf 88' lang='lat' dir='ltr'>non</span> <span class='ocrx_word' id='word_1_85' title='bbox 162 991 265 1060; x_wconf 85' lang='lat' dir='ltr'>paruit,</span> <span class='ocrx_word' id='word_1_86' title='bbox 276 991 405 1059; x_wconf 85' lang='lat' dir='ltr'>idemque</span> <span class='ocrx_word' id='word_1_87' title='bbox 415 995 447 1041; x_wconf 92' lang='lat' dir='ltr'>ut</span> <span class='ocrx_word' id='word_1_88' title='bbox 457 989 598 1055; x_wconf 84' lang='lat' dir='ltr'>lacerent,</span> <span class='ocrx_word' id='word_1_89' title='bbox 607 993 746 1058; x_wconf 75' lang='lat' dir='ltr'>persuasit</span> <span class='ocrx_word' id='word_1_90' title='bbox 756 991 886 1059; x_wconf 84' lang='lat' dir='ltr'>collegis,</span> 
     </span>
     <span class='ocr_line' id='line_1_14' title="bbox 96 1059 886 1130; baseline -0.003 -16"><span class='ocrx_word' id='word_1_91' title='bbox 96 1069 124 1114; x_wconf 83' lang='lat' dir='ltr'>et</span> <span class='ocrx_word' id='word_1_92' title='bbox 141 1061 263 1123; x_wconf 89' lang='lat' dir='ltr'>bellum,</span> <span class='ocrx_word' id='word_1_93' title='bbox 274 1060 348 1128; x_wconf 87' lang='lat' dir='ltr'>quod</span> <span class='ocrx_word' id='word_1_94' title='bbox 363 1066 537 1127; x_wconf 81' lang='lat' dir='ltr'>susceperat,</span> <span class='ocrx_word' id='word_1_95' title='bbox 551 1063 646 1130; x_wconf 78' lang='lat' dir='ltr'>gessit.</span> <span class='ocrx_word' id='word_1_96' title='bbox 686 1059 813 1130; x_wconf 83' lang='lat' dir='ltr'>Namque</span> <span class='ocrx_word' id='word_1_97' title='bbox 827 1062 886 1112; x_wconf 85' lang='lat' dir='ltr'>ani·</span> 
     </span>
    </p>
   </div>
   <div class='ocr_carea' id='block_1_3' title="bbox 95 1129 976 1198">
    <p class='ocr_par' dir='ltr' id='par_1_3' title="bbox 95 1129 976 1198">
     <span class='ocr_line' id='line_1_15' title="bbox 95 1129 976 1198; baseline -0.002 -14"><span class='ocrx_word' id='word_1_98' title='bbox 95 1130 298 1194; x_wconf 80' lang='lat' dir='ltr'>madvertebat,</span> <span class='ocrx_word' id='word_1_99' title='bbox 309 1132 361 1180; x_wconf 89' lang='lat' dir='ltr'>nisi</span> <span class='ocrx_word' id='word_1_100' title='bbox 372 1129 401 1180; x_wconf 93' lang='lat' dir='ltr'>id</span> <span class='ocrx_word' id='word_1_101' title='bbox 413 1129 536 1194; x_wconf 85' lang='lat' dir='ltr'>lecisset,</span> <span class='ocrx_word' id='word_1_102' title='bbox 557 1137 647 1183; x_wconf 85' lang='lat' dir='ltr'>toturn</span> <span class='ocrx_word' id='word_1_103' title='bbox 656 1133 811 1182; x_wconf 84' lang='lat' dir='ltr'>exercitum</span> <span class='ocrx_word' id='word_1_104' title='bbox 821 1143 884 1198; x_wconf 88' lang='lat' dir='ltr'>pro·</span> <span class='ocrx_word' id='word_1_105' title='bbox 973 1135 976 1140; x_wconf 86' lang='lat'>&#39;</span> 
     </span>
    </p>
   </div>
   <div class='ocr_carea' id='block_1_4' title="bbox 25 1187 949 2738">
    <p class='ocr_par' dir='ltr' id='par_1_4' title="bbox 28 1187 949 1688">
     <span class='ocr_line' id='line_1_16' title="bbox 94 1187 885 1276; baseline -0.003 -22"><span class='ocrx_word' id='word_1_106' title='bbox 94 1207 159 1270; x_wconf 89' lang='lat' dir='ltr'>pter</span> <span class='ocrx_word' id='word_1_107' title='bbox 168 1205 331 1268; x_wconf 79' lang='lat' dir='ltr'>praetorum</span> <span class='ocrx_word' id='word_1_108' title='bbox 342 1187 558 1276; x_wconf 71' lang='lat' dir='ltr'>imprudentiam</span> <span class='ocrx_word' id='word_1_109' title='bbox 568 1202 798 1269; x_wconf 80' lang='lat' dir='ltr'>insolentiamque</span> <span class='ocrx_word' id='word_1_110' title='bbox 813 1199 885 1253; x_wconf 85' lang='lat' dir='ltr'>belli</span> 
     </span>
     <span class='ocr_line' id='line_1_17' title="bbox 93 1268 884 1340; baseline -0.003 -16"><span class='ocrx_word' id='word_1_111' title='bbox 93 1273 260 1340; x_wconf 76' lang='lat' dir='ltr'>periturum.</span> <span class='ocrx_word' id='word_1_112' title='bbox 296 1268 321 1321; x_wconf 83' lang='lat'>5.</span> <span class='ocrx_word' id='word_1_113' title='bbox 340 1269 400 1322; x_wconf 86' lang='lat' dir='ltr'>Lex</span> <span class='ocrx_word' id='word_1_114' title='bbox 416 1276 478 1324; x_wconf 90' lang='lat' dir='ltr'>erat</span> <span class='ocrx_word' id='word_1_115' title='bbox 491 1270 608 1334; x_wconf 83' lang='lat' dir='ltr'>Thebis,</span> <span class='ocrx_word' id='word_1_116' title='bbox 624 1285 695 1339; x_wconf 82' lang='lat' dir='ltr'>quae</span> <span class='ocrx_word' id='word_1_117' title='bbox 709 1276 799 1328; x_wconf 80' lang='lat' dir='ltr'>morte</span> <span class='ocrx_word' id='word_1_118' title='bbox 814 1271 884 1322; x_wconf 86' lang='lat' dir='ltr'>mul·</span> 
     </span>
     <span class='ocr_line' id='line_1_18' title="bbox 92 1339 949 1408; baseline 0 -16"><span class='ocrx_word' id='word_1_119' title='bbox 92 1341 185 1403; x_wconf 85' lang='lat' dir='ltr'>tabat,</span> <span class='ocrx_word' id='word_1_120' title='bbox 196 1340 220 1390; x_wconf 89' lang='lat' dir='ltr'>si</span> <span class='ocrx_word' id='word_1_121' title='bbox 231 1339 292 1407; x_wconf 88' lang='lat' dir='ltr'>quis</span> <span class='ocrx_word' id='word_1_122' title='bbox 301 1341 446 1406; x_wconf 86' lang='lat' dir='ltr'>imperium</span> <span class='ocrx_word' id='word_1_123' title='bbox 459 1341 561 1392; x_wconf 89' lang='lat' dir='ltr'>diutius</span> <span class='ocrx_word' id='word_1_124' title='bbox 569 1340 741 1403; x_wconf 84' lang='lat' dir='ltr'>retinuisset,</span> <span class='ocrx_word' id='word_1_125' title='bbox 753 1355 834 1408; x_wconf 83' lang='lat' dir='ltr'>quam</span> <span class='ocrx_word' id='word_1_126' title='bbox 845 1340 884 1392; x_wconf 78' lang='lat' dir='ltr'>le·</span> <span class='ocrx_word' id='word_1_127' title='bbox 946 1365 949 1370; x_wconf 89' lang='lat'><em>·</em></span> 
     </span>
     <span class='ocr_line' id='line_1_19' title="bbox 93 1409 885 1478; baseline 0 -16"><span class='ocrx_word' id='word_1_128' title='bbox 93 1425 128 1478; x_wconf 81' lang='lat' dir='ltr'>ge</span> <span class='ocrx_word' id='word_1_129' title='bbox 139 1410 321 1476; x_wconf 72' lang='lat' dir='ltr'>praefinitum</span> <span class='ocrx_word' id='word_1_130' title='bbox 332 1409 413 1470; x_wconf 82' lang='lat' dir='ltr'>soret.</span> <span class='ocrx_word' id='word_1_131' title='bbox 431 1411 512 1463; x_wconf 84' lang='lat' dir='ltr'>Hanc</span> <span class='ocrx_word' id='word_1_132' title='bbox 521 1409 727 1476; x_wconf 84' lang='lat' dir='ltr'>Epaminondas</span> <span class='ocrx_word' id='word_1_133' title='bbox 736 1422 822 1478; x_wconf 82' lang='lat' dir='ltr'>quum</span> <span class='ocrx_word' id='word_1_134' title='bbox 831 1409 885 1462; x_wconf 86' lang='lat' dir='ltr'>rei-</span> 
     </span>
     <span class='ocr_line' id='line_1_20' title="bbox 93 1479 884 1548; baseline 0.003 -18"><span class='ocrx_word' id='word_1_135' title='bbox 93 1479 223 1548; x_wconf 84' lang='lat' dir='ltr'>publicae</span> <span class='ocrx_word' id='word_1_136' title='bbox 234 1481 439 1548; x_wconf 78' lang='lat' dir='ltr'>conscrrandae</span> <span class='ocrx_word' id='word_1_137' title='bbox 450 1495 535 1532; x_wconf 85' lang='lat' dir='ltr'>causa</span> <span class='ocrx_word' id='word_1_138' title='bbox 545 1479 630 1530; x_wconf 89' lang='lat' dir='ltr'>latam</span> <span class='ocrx_word' id='word_1_139' title='bbox 639 1479 762 1542; x_wconf 83' lang='lat' dir='ltr'>videret,</span> <span class='ocrx_word' id='word_1_140' title='bbox 772 1479 809 1531; x_wconf 84' lang='lat' dir='ltr'>ad</span> <span class='ocrx_word' id='word_1_141' title='bbox 823 1493 884 1546; x_wconf 87' lang='lat' dir='ltr'>per-</span> 
     </span>
     <span class='ocr_line' id='line_1_21' title="bbox 92 1549 884 1615; baseline 0 -15"><span class='ocrx_word' id='word_1_142' title='bbox 92 1551 196 1602; x_wconf 83' lang='lat' dir='ltr'>niciem</span> <span class='ocrx_word' id='word_1_143' title='bbox 212 1549 331 1600; x_wconf 83' lang='lat' dir='ltr'>civitatis</span> <span class='ocrx_word' id='word_1_144' title='bbox 342 1550 470 1602; x_wconf 83' lang='lat' dir='ltr'>conferre</span> <span class='ocrx_word' id='word_1_145' title='bbox 481 1549 586 1610; x_wconf 81' lang='lat' dir='ltr'>noluit3</span> <span class='ocrx_word' id='word_1_146' title='bbox 602 1553 632 1600; x_wconf 88' lang='lat' dir='ltr'>et</span> <span class='ocrx_word' id='word_1_147' title='bbox 647 1554 768 1615; x_wconf 81' lang='lat' dir='ltr'>quatuos·</span> <span class='ocrx_word' id='word_1_148' title='bbox 783 1549 884 1601; x_wconf 87' lang='lat' dir='ltr'>mensi·</span> 
     </span>
     <span class='ocr_line' id='line_1_22' title="bbox 28 1612 884 1688; baseline -0.002 -16"><span class='ocrx_word' id='word_1_149' title='bbox 28 1625 29 1628; x_wconf 75' lang='grc'>’</span> <span class='ocrx_word' id='word_1_150' title='bbox 91 1617 144 1672; x_wconf 87' lang='lat' dir='ltr'>bus</span> <span class='ocrx_word' id='word_1_151' title='bbox 156 1619 270 1682; x_wconf 88' lang='lat' dir='ltr'>diutius,</span> <span class='ocrx_word' id='word_1_152' title='bbox 281 1633 363 1686; x_wconf 83' lang='lat' dir='ltr'>quarn</span> <span class='ocrx_word' id='word_1_153' title='bbox 370 1619 489 1688; x_wconf 88' lang='lat' dir='ltr'>populns</span> <span class='ocrx_word' id='word_1_154' title='bbox 495 1612 629 1679; x_wconf 83' lang='lat' dir='ltr'>iusserat,</span> <span class='ocrx_word' id='word_1_155' title='bbox 634 1618 884 1684; x_wconf 80' lang='lat' dir='ltr'>gessitirnperinm.</span> 
     </span>
    </p>

    <p class='ocr_par' dir='ltr' id='par_1_5' title="bbox 25 1684 886 2738">
     <span class='ocr_line' id='line_1_23' title="bbox 151 1684 886 1757; baseline -0.001 -15"><span class='ocrx_word' id='word_1_156' title='bbox 151 1686 229 1742; x_wconf 81' lang='lat' dir='ltr'>vul.</span> <span class='ocrx_word' id='word_1_157' title='bbox 258 1688 409 1757; x_wconf 85' lang='lat' dir='ltr'>Postquam</span> <span class='ocrx_word' id='word_1_158' title='bbox 431 1686 674 1739; x_wconf 85' lang='lat' dir='ltr'>donmmreditum</span> <span class='ocrx_word' id='word_1_159' title='bbox 685 1690 740 1750; x_wconf 89' lang='lat' dir='ltr'>est,</span> <span class='ocrx_word' id='word_1_160' title='bbox 759 1684 886 1756; x_wconf 73' lang='lat' dir='ltr'>collegae</span> 
     </span>
     <span class='ocr_line' id='line_1_24' title="bbox 92 1755 883 1824; baseline -0.004 -13"><span class='ocrx_word' id='word_1_161' title='bbox 92 1758 154 1812; x_wconf 86' lang='lat' dir='ltr'>eius</span> <span class='ocrx_word' id='word_1_162' title='bbox 164 1757 219 1810; x_wconf 90' lang='lat' dir='ltr'>boc</span> <span class='ocrx_word' id='word_1_163' title='bbox 228 1759 342 1811; x_wconf 88' lang='lat' dir='ltr'>crimine</span> <span class='ocrx_word' id='word_1_164' title='bbox 351 1758 563 1812; x_wconf 81' lang='lat' dir='ltr'>accusabantur.</span> <span class='ocrx_word' id='word_1_165' title='bbox 575 1756 681 1818; x_wconf 80' lang='lat' dir='ltr'>Quibus</span> <span class='ocrx_word' id='word_1_166' title='bbox 691 1755 740 1808; x_wconf 90' lang='lat' dir='ltr'>ille</span> <span class='ocrx_word' id='word_1_167' title='bbox 750 1760 883 1824; x_wconf 86' lang='lat' dir='ltr'>permisit,</span> 
     </span>
     <span class='ocr_line' id='line_1_25' title="bbox 25 1825 884 1894; baseline 0 -14"><span class='ocrx_word' id='word_1_168' title='bbox 25 1841 27 1880; x_wconf 58' lang='grc' dir='ltr'>ζ</span> <span class='ocrx_word' id='word_1_169' title='bbox 66 1837 68 1844; x_wconf 88' lang='grc'><strong>’</strong></span> <span class='ocrx_word' id='word_1_170' title='bbox 90 1834 125 1881; x_wconf 88' lang='lat' dir='ltr'>ut</span> <span class='ocrx_word' id='word_1_171' title='bbox 135 1841 247 1880; x_wconf 88' lang='lat' dir='ltr'>omnem</span> <span class='ocrx_word' id='word_1_172' title='bbox 258 1831 372 1879; x_wconf 88' lang='lat' dir='ltr'>causam&#39;</span> <span class='ocrx_word' id='word_1_173' title='bbox 380 1830 409 1878; x_wconf 90' lang='lat' dir='ltr'>in</span> <span class='ocrx_word' id='word_1_174' title='bbox 420 1841 450 1879; x_wconf 88' lang='lat' dir='ltr'>se</span> <span class='ocrx_word' id='word_1_175' title='bbox 460 1825 660 1887; x_wconf 85' lang='lat' dir='ltr'>transferrent,</span> <span class='ocrx_word' id='word_1_176' title='bbox 677 1839 782 1894; x_wconf 77' lang='lat' dir='ltr'>suaque</span> <span class='ocrx_word' id='word_1_177' title='bbox 790 1841 884 1894; x_wconf 84' lang='lat' dir='ltr'>opera</span> 
     </span>
     <span class='ocr_line' id='line_1_26' title="bbox 25 1894 883 1965; baseline -0.002 -15"><span class='ocrx_word' id='word_1_178' title='bbox 25 1957 26 1962; x_wconf 7' lang='grc' dir='ltr'>ἵ</span> <span class='ocrx_word' id='word_1_179' title='bbox 92 1898 200 1950; x_wconf 84' lang='lat' dir='ltr'>iactum</span> <span class='ocrx_word' id='word_1_180' title='bbox 212 1897 424 1959; x_wconf 86' lang='lat' dir='ltr'>contenderent,</span> <span class='ocrx_word' id='word_1_181' title='bbox 434 1902 467 1948; x_wconf 93' lang='lat' dir='ltr'>ut</span> <span class='ocrx_word' id='word_1_182' title='bbox 481 1897 537 1965; x_wconf 87' lang='lat' dir='ltr'>legi</span> <span class='ocrx_word' id='word_1_183' title='bbox 552 1911 609 1948; x_wconf 90' lang='lat' dir='ltr'>nou</span> <span class='ocrx_word' id='word_1_184' title='bbox 625 1894 779 1948; x_wconf 86' lang='lat' dir='ltr'>obedirent.</span> <span class='ocrx_word' id='word_1_185' title='bbox 820 1897 883 1960; x_wconf 75' lang='lat' dir='ltr'>Qua</span> 
     </span>
     <span class='ocr_line' id='line_1_27' title="bbox 92 1965 882 2034; baseline -0.003 -15"><span class='ocrx_word' id='word_1_186' title='bbox 92 1967 257 2020; x_wconf 77' lang='lat' dir='ltr'>defensione</span> <span class='ocrx_word' id='word_1_187' title='bbox 267 1965 323 2017; x_wconf 90' lang='lat' dir='ltr'>illis</span> <span class='ocrx_word' id='word_1_188' title='bbox 333 1967 459 2034; x_wconf 86' lang='lat' dir='ltr'>periculo</span> <span class='ocrx_word' id='word_1_189' title='bbox 470 1966 609 2030; x_wconf 88' lang='lat' dir='ltr'>liberatis,</span> <span class='ocrx_word' id='word_1_190' title='bbox 621 1979 702 2018; x_wconf 89' lang='lat' dir='ltr'>nemo</span> <span class='ocrx_word' id='word_1_191' title='bbox 715 1966 882 2034; x_wconf 86' lang='lat' dir='ltr'>Epaminon-</span> 
     </span>
     <span class='ocr_line' id='line_1_28' title="bbox 30 2033 883 2122; baseline -0.004 -33"><span class='ocrx_word' id='word_1_192' title='bbox 30 2071 35 2078; x_wconf 81' lang='lat'><strong>·</strong></span> <span class='ocrx_word' id='word_1_193' title='bbox 93 2033 159 2088; x_wconf 85' lang='lat' dir='ltr'>darn</span> <span class='ocrx_word' id='word_1_194' title='bbox 169 2049 369 2102; x_wconf 84' lang='lat' dir='ltr'>responsurum</span> <span class='ocrx_word' id='word_1_195' title='bbox 381 2038 512 2105; x_wconf 88' lang='lat' dir='ltr'>putabat,</span> <span class='ocrx_word' id='word_1_196' title='bbox 521 2035 608 2122; x_wconf 70' lang='lat' dir='ltr'>quod,</span> <span class='ocrx_word' id='word_1_197' title='bbox 618 2036 686 2104; x_wconf 84' lang='lat' dir='ltr'>quid</span> <span class='ocrx_word' id='word_1_198' title='bbox 697 2035 817 2100; x_wconf 85' lang='lat' dir='ltr'>diceret,</span> <span class='ocrx_word' id='word_1_199' title='bbox 828 2050 883 2086; x_wconf 89' lang='lat' dir='ltr'>non</span> 
     </span>
     <span class='ocr_line' id='line_1_29' title="bbox 92 2102 884 2159; baseline 0 -3"><span class='ocrx_word' id='word_1_200' title='bbox 92 2102 221 2158; x_wconf 84' lang='lat' dir='ltr'>haberet.</span> <span class='ocrx_word' id='word_1_201' title='bbox 256 2104 283 2158; x_wconf 85' lang='lat'>2.</span> <span class='ocrx_word' id='word_1_202' title='bbox 306 2108 343 2158; x_wconf 81' lang='lat' dir='ltr'>st</span> <span class='ocrx_word' id='word_1_203' title='bbox 353 2107 401 2159; x_wconf 88' lang='lat' dir='ltr'>ille</span> <span class='ocrx_word' id='word_1_204' title='bbox 413 2109 442 2158; x_wconf 91' lang='lat' dir='ltr'>in</span> <span class='ocrx_word' id='word_1_205' title='bbox 451 2107 583 2158; x_wconf 72' lang='lat' dir='ltr'>iudicium</span> <span class='ocrx_word' id='word_1_206' title='bbox 597 2107 685 2158; x_wconf 81' lang='lat' dir='ltr'>venit:</span> <span class='ocrx_word' id='word_1_207' title='bbox 700 2105 772 2156; x_wconf 87' lang='lat' dir='ltr'>nihil</span> <span class='ocrx_word' id='word_1_208' title='bbox 787 2117 884 2156; x_wconf 87' lang='lat' dir='ltr'>corum</span> 
     </span>
     <span class='ocr_line' id='line_1_30' title="bbox 91 2175 884 2242; baseline 0 -16"><span class='ocrx_word' id='word_1_209' title='bbox 91 2176 220 2241; x_wconf 79' lang='lat' dir='ltr'>negarit,</span> <span class='ocrx_word' id='word_1_210' title='bbox 231 2177 465 2242; x_wconf 39' lang='lat' dir='ltr'>quae-adversarii</span> <span class='ocrx_word' id='word_1_211' title='bbox 476 2175 585 2226; x_wconf 84' lang='lat' dir='ltr'>crimini</span> <span class='ocrx_word' id='word_1_212' title='bbox 596 2175 712 2238; x_wconf 86' lang='lat' dir='ltr'>dabant,</span> <span class='ocrx_word' id='word_1_213' title='bbox 724 2175 884 2242; x_wconf 85' lang='lat' dir='ltr'>omniaque,</span> 
     </span>
     <span class='ocr_line' id='line_1_31' title="bbox 25 2238 883 2312; baseline -0.007 -12"><span class='ocrx_word' id='word_1_214' title='bbox 25 2291 26 2300; x_wconf 70' lang='grc'>,</span> <span class='ocrx_word' id='word_1_215' title='bbox 92 2257 168 2312; x_wconf 83' lang='lat' dir='ltr'>quae</span> <span class='ocrx_word' id='word_1_216' title='bbox 178 2243 305 2312; x_wconf 84' lang='lat' dir='ltr'>collegae</span> <span class='ocrx_word' id='word_1_217' title='bbox 317 2246 460 2308; x_wconf 81' lang='lat' dir='ltr'>dixerant,</span> <span class='ocrx_word' id='word_1_218' title='bbox 471 2243 615 2296; x_wconf 79' lang='lat' dir='ltr'>confessus</span> <span class='ocrx_word' id='word_1_219' title='bbox 629 2238 685 2307; x_wconf 83' lang='lat' dir='ltr'>est,</span> <span class='ocrx_word' id='word_1_220' title='bbox 701 2257 790 2312; x_wconf 87' lang='lat' dir='ltr'>neque</span> <span class='ocrx_word' id='word_1_221' title='bbox 805 2257 883 2294; x_wconf 87' lang='lat' dir='ltr'>recu·</span> 
     </span>
     <span class='ocr_line' id='line_1_32' title="bbox 91 2312 882 2383; baseline 0 -19"><span class='ocrx_word' id='word_1_222' title='bbox 91 2315 182 2378; x_wconf 82' lang='lat' dir='ltr'>sarit,</span> <span class='ocrx_word' id='word_1_223' title='bbox 193 2320 249 2383; x_wconf 83' lang='lat' dir='ltr'>&#39;quo</span> <span class='ocrx_word' id='word_1_224' title='bbox 265 2315 357 2366; x_wconf 87' lang='lat' dir='ltr'>minus</span> <span class='ocrx_word' id='word_1_225' title='bbox 372 2315 442 2382; x_wconf 84' lang='lat' dir='ltr'>legis</span> <span class='ocrx_word' id='word_1_226' title='bbox 457 2327 575 2380; x_wconf 88' lang='lat' dir='ltr'>poenam</span> <span class='ocrx_word' id='word_1_227' title='bbox 590 2315 708 2376; x_wconf 87' lang='lat' dir='ltr'>subiret;</span> <span class='ocrx_word' id='word_1_228' title='bbox 730 2312 782 2364; x_wconf 90' lang='lat' dir='ltr'>sed</span> <span class='ocrx_word' id='word_1_229' title='bbox 797 2327 882 2364; x_wconf 82' lang='lat' dir='ltr'>uuum</span> 
     </span>
     <span class='ocr_line' id='line_1_33' title="bbox 25 2381 881 2450; baseline -0.002 -16"><span class='ocrx_word' id='word_1_230' title='bbox 25 2391 26 2400; x_wconf 59' lang='lat'>¹</span> <span class='ocrx_word' id='word_1_231' title='bbox 91 2383 128 2434; x_wconf 86' lang='lat' dir='ltr'>ab</span> <span class='ocrx_word' id='word_1_232' title='bbox 149 2384 186 2434; x_wconf 87' lang='lat' dir='ltr'>iis</span> <span class='ocrx_word' id='word_1_233' title='bbox 214 2384 328 2450; x_wconf 81' lang='lat' dir='ltr'>petivit,</span> <span class='ocrx_word' id='word_1_234' title='bbox 352 2390 385 2435; x_wconf 86' lang='lat' dir='ltr'>ut</span> <span class='ocrx_word' id='word_1_235' title='bbox 407 2386 436 2434; x_wconf 92' lang='lat' dir='ltr'>in</span> <span class='ocrx_word' id='word_1_236' title='bbox 460 2381 585 2450; x_wconf 88' lang='lat' dir='ltr'>periculo</span> <span class='ocrx_word' id='word_1_237' title='bbox 610 2397 661 2434; x_wconf 88' lang='lat' dir='ltr'>suo</span> <span class='ocrx_word' id='word_1_238' title='bbox 685 2381 881 2433; x_wconf 83' lang='lat' dir='ltr'>inscriberent:</span> 
     </span>
     <span class='ocr_line' id='line_1_34' title="bbox 25 2449 883 2525; baseline 0.005 -25"><span class='ocrx_word' id='word_1_239' title='bbox 25 2495 26 2500; x_wconf 73' lang='grc'>,</span> <span class='ocrx_word' id='word_1_240' title='bbox 90 2449 119 2503; x_wconf 84' lang='grc'>3.</span> <span class='ocrx_word' id='word_1_241' title='bbox 139 2449 374 2525; x_wconf 67' lang='lat' dir='ltr'>Epaminondam</span> <span class='ocrx_word' id='word_1_242' title='bbox 388 2451 883 2520; x_wconf 64' lang='lat' dir='ltr'>Thebanbmortemctrnrusesr,qcod</span> 
     </span>
     <span class='ocr_line' id='line_1_35' title="bbox 90 2517 883 2590; baseline 0 -18"><span class='ocrx_word' id='word_1_243' title='bbox 90 2535 138 2572; x_wconf 79' lang='lat' dir='ltr'>eos</span> <span class='ocrx_word' id='word_1_244' title='bbox 161 2517 253 2588; x_wconf 68' lang='lat' dir='ltr'>coegit</span> <span class='ocrx_word' id='word_1_245' title='bbox 270 2523 344 2589; x_wconf 79' lang='lat' dir='ltr'>apud</span> <span class='ocrx_word' id='word_1_246' title='bbox 356 2522 478 2576; x_wconf 78' lang='lat' dir='ltr'>Leuctra</span> <span class='ocrx_word' id='word_1_247' title='bbox 499 2535 629 2590; x_wconf 79' lang='lat' dir='ltr'>superare</span> <span class='ocrx_word' id='word_1_248' title='bbox 648 2517 883 2580; x_wconf 73' lang='lat' dir='ltr'>Lacedaemonios,</span> 
     </span>
     <span class='ocr_line' id='line_1_36' title="bbox 25 2583 882 2662; baseline -0.002 -22"><span class='ocrx_word' id='word_1_249' title='bbox 25 2583 26 2594; x_wconf 51' lang='lat'>¹</span> <span class='ocrx_word' id='word_1_250' title='bbox 88 2604 161 2658; x_wconf 76' lang='lat' dir='ltr'>quos</span> <span class='ocrx_word' id='word_1_251' title='bbox 181 2596 247 2641; x_wconf 78' lang='lat' dir='ltr'>ante</span> <span class='ocrx_word' id='word_1_252' title='bbox 266 2605 293 2642; x_wconf 82' lang='lat' dir='ltr'>te</span> <span class='ocrx_word' id='word_1_253' title='bbox 311 2591 501 2662; x_wconf 81' lang='lat' dir='ltr'>imperatorem</span> <span class='ocrx_word' id='word_1_254' title='bbox 515 2599 591 2644; x_wconf 76' lang='lat' dir='ltr'>nemo</span> <span class='ocrx_word' id='word_1_255' title='bbox 610 2586 787 2641; x_wconf 71' lang='lat' dir='ltr'>Raraunum</span> <span class='ocrx_word' id='word_1_256' title='bbox 800 2601 882 2642; x_wconf 74' lang='lat' dir='ltr'>autur</span> 
     </span>
     <span class='ocr_line' id='line_1_37' title="bbox 247 2655 881 2738; baseline -0.011 -26"><span class='ocrx_word' id='word_1_257' title='bbox 247 2657 254 2672; x_wconf 88' lang='lat'>&#39;</span> <span class='ocrx_word' id='word_1_258' title='bbox 269 2659 314 2713; x_wconf 74' lang='lat' dir='ltr'>‘ers</span> <span class='ocrx_word' id='word_1_259' title='bbox 328 2661 357 2714; x_wconf 81' lang='lat' dir='ltr'>in</span> <span class='ocrx_word' id='word_1_260' title='bbox 368 2661 446 2718; x_wconf 82' lang='lat' dir='ltr'>ccie,·</span> <span class='ocrx_word' id='word_1_261' title='bbox 468 2661 494 2712; x_wconf 79' lang='grc'>4.</span> <span class='ocrx_word' id='word_1_262' title='bbox 512 2659 630 2728; x_wconf 71' lang='lat' dir='ltr'>quodque</span> <span class='ocrx_word' id='word_1_263' title='bbox 645 2673 697 2710; x_wconf 83' lang='lat' dir='ltr'>uno</span> <span class='ocrx_word' id='word_1_264' title='bbox 708 2655 814 2738; x_wconf 73' lang='lat' dir='ltr'>proelio</span> <span class='ocrx_word' id='word_1_265' title='bbox 830 2671 881 2708; x_wconf 83' lang='lat' dir='ltr'>nan</span> 
     </span>
    </p>
   </div>
   <div class='ocr_carea' id='block_1_5' title="bbox 83 2655 877 2854">
    <p class='ocr_par' dir='ltr' id='par_1_6' title="bbox 83 2655 877 2854">
     <span class='ocr_line' id='line_1_38' title="bbox 83 2655 877 2854; baseline -0.011 -74"><span class='ocrx_word' id='word_1_266' title='bbox 83 2655 464 2854; x_wconf 38' lang='lat' dir='ltr'>ssgmqgaegicsctintsritu</span> <span class='ocrx_word' id='word_1_267' title='bbox 473 2727 609 2794; x_wconf 74' lang='lat' dir='ltr'>retranit,</span> <span class='ocrx_word' id='word_1_268' title='bbox 620 2721 675 2841; x_wconf 64' lang='lat' dir='ltr'>scell³</span> <span class='ocrx_word' id='word_1_269' title='bbox 681 2733 763 2779; x_wconf 71' lang='lat' dir='ltr'>ettam</span> <span class='ocrx_word' id='word_1_270' title='bbox 778 2722 877 2776; x_wconf 75' lang='lat' dir='ltr'>unirer-</span> 
     </span>
     <span class='ocr_line' id='line_1_39' title="bbox 153 2810 353 2854; baseline 0.02 -4"><span class='ocrx_word' id='word_1_271' title='bbox 153 2810 218 2852; x_wconf 73' lang='lat' dir='ltr'>out.</span> <span class='ocrx_word' id='word_1_272' title='bbox 256 2811 300 2854; x_wconf 73' lang='lat' dir='ltr'>ar.</span> <span class='ocrx_word' id='word_1_273' title='bbox 348 2843 353 2854; x_wconf 80' lang='grc'><strong><em>,</em></strong></span> 
     </span>
    </p>
   </div>
   <div class='ocr_carea' id='block_1_6' title="bbox 0 0 1032 2956">
    <p class='ocr_par' dir='ltr' id='par_1_7' title="bbox 0 0 1032 2956">
     <span class='ocr_line' id='line_1_40' title="bbox 0 0 1032 2956; baseline 0 3"><span class='ocrx_word' id='word_1_274' title='bbox 0 0 1032 2956; x_wconf 95' lang='lat' dir='ltr'> </span> 
     </span>
    </p>
   </div>
  </div>
 </body>
</html>
