2054 2956
160 30 166 38 ’
228 73 800 130 xxunrrrcvsxvur-xx,
859 74 909 128 no

119 179 252 241 Maximi,
271 177 422 229 Fabiorum
433 178 653 230 etAonriiiorum
665 193 790 246 quoque:
809 180 908 248 quibus

119 250 196 302 libris
207 246 277 297 nihil
288 253 452 314 potestesse
463 247 571 299 dulcius
582 249 629 310 iis,
647 250 695 315 qui
705 249 825 316 aliquam
836 249 909 316 cupi-

119 318 235 371 ditatum
248 316 351 368 habent
361 318 481 368 notitiae
498 317 637 368 clarorum
648 320 780 368 virorum.
817 317 842 371 b.
861 319 908 370 At·

118 389 184 455 tigit
195 401 304 454 quoque
315 388 453 453 poeticen:
472 387 623 449 credimus,
642 387 746 439 ne'eius
757 402 857 454 expers
867 400 908 440 es-

118 463 163 509 set
181 457 333 508 suavitatis.
370 455 497 524 Namque
516 457 653 520 versibus,
672 459 719 523 qui
740 456 846 510 honore
865 473 908 512 re·

119 539 237 595 rumque
257 531 401 593 gestarum
417 525 599 593 amplitudine
614 534 721 578 ceteros
732 527 848 578 Romani
859 543 907 594 po-

118 597 178 664 puli
188 597 394 662 praestiterunt,
401 598 530 662 exposuit
541 597 589 658 itu,
598 595 624 647 o.
630 601 663 646 ut
672 596 722 648 sub
733 596 907 665 singulorum

21 705 27 710 .
88 701 94 712 .
118 667 286 734 imaginibus
297 665 371 736 facta
382 668 618 734 magistratusque
633 681 730 717 eorum
745 681 800 718 non
810 667 908 734 ampli·

119 751 152 786 us
171 736 314 802 quaternis
333 737 457 804 quinisve
475 737 601 789 versibus
619 735 811 802 descripserit:
832 736 908 804 quod

117 808 165 856 vix
174 805 342 857 eredendum
353 807 404 871 sit,
423 809 518 856 tantas
528 821 573 857 res
584 813 640 860 tum
651 806 773 858 breviter
783 808 907 872 potuisse

119 874 263 926 declarari.
300 875 350 926 Est
360 875 444 926 etium
454 874 625 938 unus'liber,
636 875 742 928 Graece
757 875 908 940 confectus,

120 942 154 997 de
162 944 312 995 consulatu
324 945 474 996 Ciceronis.

172 1012 246 1064 xix.
265 1015 409 1066 Hactenus
424 1015 594 1066 Atticonvo
608 1013 684 1066 edita
694 1011 788 1082 [haee]
799 1027 817 1063 a
828 1012 908 1064 nobis

77 1095 80 1100 ·
119 1087 194 1135 sunt.
231 1081 326 1147 Nune,
347 1086 477 1151 quoniam
498 1083 613 1136 fortuna
631 1098 682 1134 nos
702 1085 866 1149 superstites
881 1084 907 1135 ei

120 1168 181 1207 esse
192 1152 293 1216 voluit,
303 1153 412 1222 reliqua
423 1168 633 1220 persequemur,
655 1157 696 1216 et,
715 1158 849 1222 quantum
860 1165 908 1220 po-

120 1225 269 1286 tuerimus,
287 1237 381 1274 rerum
394 1223 528 1289 exemplis
541 1222 660 1275 lectores
677 1223 851 1286 docebimus,
872 1223 908 1272 si·

120 1297 168 1346 cut
176 1307 261 1360 supra
270 1293 497 1361 significavimus,
508 1307 573 1344 suos
584 1292 907 1360 cuiquemorosplerum-

103 1365 106 1370 '
120 1378 174 1432 quc
185 1363 334 1415 conciliare
345 1363 495 1417 fortunam.
523 1363 548 1414 2.
567 1362 691 1430 Namque
704 1353 747 1415 h'ic
758 1366 907 1414 contentus

120 1433 218 1484 ordine
229 1434 364 1499 equestri,
384 1446 439 1500 quo
450 1436 511 1483 orat
522 1437 613 1494 ortus,
633 1435 661 1482 in
673 1429 835 1482 affinitatem
847 1443 908 1496 por·

117 1503 195 1556 vonit
204 1502 381 1566 imperatoris
391 1501 454 1550 Divi
465 1500 529 1550 tilii:
550 1516 634 1568 quum
649 1501 704 1551 iam
716 1506 781 1551 anta
791 1500 907 1552 familia-

118 1572 231 1624 ritatem
248 1571 307 1622 eius
326 1573 399 1620 esset
418 1574 582 1620 consecutus
596 1569 674 1619 nulia
688 1569 744 1619 ulia
758 1584 803 1634 re,
823 1585 907 1638 quum

119 1640 260 1708 elegantia
269 1640 357 1701 vitae,
369 1644 550 1706 'qun-ceteros
566 1636 678 1704 ceperat
697 1640 834 1706 principes
845 1640 907 1691 civi·

117 1712 200 1772 totis,
220 1707 357 1775 dignitato
377 1709 451 1775 puri,
471 1706 587 1759 fortuna
597 1708 752 1761 humiliore.
788 1707 813 1760 3.
833 1711 907 1761 'Pan-

118 1786 149 1832 ta
159 1780 232 1832 eninr
243 1779 414 1845 prosperitas
426 1778 573 1830 Caesarem
584 1785 626 1829 est
642 1782 810 1840 consecuto,
824 1783 857 1830 ut
866 1779 907 1829 ni·

117 1848 158 1902 hil
169 1851 194 1900 ei
205 1861 261 1899 non
272 1849 403 1899 tribuerit
412 1847 541 1910 fortuna,
561 1847 635 1914 quod
646 1849 774 1916 cuiquam
785 1849 850 1900 ante
860 1847 907 1900 de·

118 1920 225 1982 tulerit,
237 1923 266 1970 ot
275 1919 444 1984 conciliarit,
455 1917 528 1986 quod
539 1931 621 1969 nemo
631 1915 722 1970 adhue
732 1919 797 1970 civis
808 1918 906 1970 Roma·

67 2009 70 2012 ·
117 2004 171 2040 nus
181 1989 268 2056 quivit
279 1991 419 2056 consequi.
454 1987 480 2039 4.
500 1982 575 2039 Nata
585 1992 628 2039 est
638 1993 733 2052 autem
745 1990 838 2042 Attico
858 2002 905 2041 ne·

116 2061 176 2127 ptis
195 2071 230 2111 ox
249 2059 381 2126 Agrippa,
409 2060 454 2110 oui
471 2059 607 2124 virginem
629 2058 714 2108 tilium
742 2059 905 2110 collocarat.

103 2129 198 2183 'Hanc
212 2129 330 2190 Caesar,
350 2129 396 2179 rix
411 2127 584 2189 anniculam,
595 2121 708 2178 Tiberio
724 2127 842 2179 claudio
852 2126 906 2180 Na·

105 2199 194 2260 soni,
213 2197 341 2249 Drusiiia
350 2201 431 2259 nato,
451 2196 577 2263 privigno
588 2211 652 2259 suo,
664 2196 824 2266 despondi&¹
834 2211 906 2264 quau

117 2269 275 2320 coniunctio
285 2265 626 2318 necessitudinemeorum
636 2269 742 2332 sanxit,
762 2267 906 2318 familiari·

114 2342 203 2390 tatem
214 2335 336 2389 reddidit
347 2335 576 2404 frequentiorem.
839 2351 842 2360 ⁴

169 2407 230 2459 XX.
249 2407 381 2470 Quamvis
402 2410 466 2456 unte
486 2403 556 2458 haec
576 2405 717 2472 sponsalia
735 2421 791 2458 non
806 2403 907 2469 solum,

117 2491 202 2546 quum
214 2477 247 2529 ab
258 2475 327 2527 urbe
338 2476 460 2537 abesset,
470 2491 630 2542 numquam
642 2476 801 2528 adanorum
814 2490 910 2543 quem·

28 2596 39 2620 ν
117 2561 200 2616 quam
209 2546 320 2596 litteras
330 2545 419 2606 misit,
439 2545 503 2611 quin
513 2545 831 2613 Atticomitteret,quid
844 2559 907 2610 aga·

116 2605 326 2681 rct‚iirprimis‚
345 2615 410 2681 quid
421 2614 543 2681 legeret,
563 2613 717 2683 quibusque
728 2617 755 2665 in
775 2615 859 2674 locis,
879 2616 908 2664 et

100 2682 906 2769 -·qusmoiuessetmoraturus:aserenan1,quunressetin
