2032 2962
159 145 195 202 tr
401 141 582 208 X.D10N.
600 143 654 199 tv.
672 141 707 198 V.

159 263 221 305 cere
229 247 342 314 conari3
353 249 465 312 Areten,
475 247 575 300 Dionis
582 263 706 312 uxorem,
716 247 764 300 alii
776 249 953 318 nupbrmde·

158 321 212 384 dit,
222 320 365 388 filiumque
376 319 434 370 eius
443 319 482 370 sic
493 320 606 371 educari
623 320 716 383 iussit,
730 325 763 372 ut
776 320 953 388 indulgendo

158 390 327 456 turpissimis
338 389 510 441 imbueretur
520 385 726 456 cupiditatibus.
754 389 781 440 4.
800 388 871 452 Nasu
883 405 953 456 pue-

157 473 198 522 ro,
208 459 370 525 priusquam
380 459 467 580 pubes
478 463 560 522 esset,
570 463 662 509 scorta
671 457 894 522 adducebantnr3
907 461 951 510 ri-

157 543 195 582 no
206 527 351 597 epulisque
366 543 382 580 o
403 528 551 592 ruebatur,
569 543 659 596 neque
675 526 765 578 ullum
779 533 889 594 tempus
903 530 949 579 sio·

156 597 219 650 brio
229 597 447 718 relinquebatur.
462 596 486 650 5.
494 599 523 649 ls
533 611 622 664 usque
632 611 666 648 oo
675 598 749 649 ritae
760 601 863 648 statum
874 611 949 648 com-

156 672 295 720 mutatum
319 683 380 720 erre
391 682 446 720 non
457 668 560 734 potuit,
571 671 716 734 postquam
728 667 754 718 in
770 668 889 735 patriam
900 683 949 720 re-

156 735 209 790 diit
219 743 299 805 puter
308 741 438 806 (numque
448 737 568 802 appositi
580 742 661 787 erunt
671 737 811 800 custodes,
822 739 948 804 quicum

156 821 174 860 a
193 810 312 876 pristino
328 809 408 858 *rictu
428 806 619 868 deducerent),
646 810 679 855 ut
695 820 726 858 se
746 806 780 858 de
799 807 948 873 superiore

155 883 237 1000 parte
249 877 361 930 aedium
368 876 517 940 deiecerit,
528 881 611 946 utque
621 875 663 928 itu
668 875 818 928 interierit.
847 874 948 928 Sedit-

169 952 349 1001 uererertor.

207 1018 242 1072 V.
265 1017 417 1084 Postquam
429 1013 597 1068 corinthum
610 1015 740 1084 pervenit
751 1013 841 1078 Dion,
856 1019 886 1067 et
901 1029 948 1068 eo·

154 1085 218 1140 dem
228 1084 351 1156 perfugit
360 1085 536 1150 Heraclides,
547 1086 581 1138 ab
593 1088 691 1140 eodem
701 1086 833 1152 expulsus
838 1084 947 1152 Diony-

154 1157 206 1219 sio,
217 1154 431 1224 quipraefectus
441 1155 533 1208 iuerat
544 1157 679 1224 equitum:
693 1155 947 1207 omnirutionebel·

153 1225 212 1278 lum
223 1239 386 1292 comparere
395 1229 557 1291 coeperunt.
579 1226 604 1278 2
624 1225 679 1278 Sed
690 1238 744 1277 non
754 1225 871 1276 multum
882 1239 947 1292 pre-

154 1293 297 1358 liciebunt,
319 1294 394 1362 quod
414 1293 567 1345 nsultorum
581 1309 720 1346 annorum
739 1297 868 1361 tyrannis
887 1309 945 1346 mu-

154 1377 274 1432 gnurum
285 1369 369 1430 opum
384 1364 543 1430 putubatur.
579 1365 669 1426 Quam
684 1361 719 1414 ob
736 1378 846 1415 causum
862 1366 946 1430 pauci

154 1432 363 1485 adsocietatem
374 1431 492 1500 periculi
503 1430 735 1498 perducebantur.
754 1431 778 1484 3.
796 1431 854 1486 Sed
861 1435 945 1498 Dion,
1005 1447 1006 1454 ¹

153 1502 245 1556 frctus
256 1507 379 1554 nontam
389 1503 447 1554 suis
457 1502 557 1568 copiis,
572 1517 653 1571 qoam
665 1503 729 1555 odio
739 1505 868 1570 tyranni,
888 1519 946 1556 ma

153 1573 230 1624 ximo
241 1574 334 1624 ammo
346 1572 453 1624 duabus
464 1573 601 1625 onerariis
612 1574 728 1625 navibus
742 1575 946 1642 quinquaginta

153 1657 292 1695 annorum
302 1643 463 1710 imperium,
474 1644 613 1716 munitum
623 1645 782 1714 quingentis
794 1644 885 1710 longis
897 1657 946 1694 na·

152 1712 245 1776 vibus,
261 1713 356 1766 decem
377 1714 514 1782 equitum,
526 1719 641 1766 centum
661 1714 788 1782 peditum
806 1713 945 1777 millibus,

151 1781 295 1849 proiectus
306 1789 496 1850 oppugnatum
501 1783 607 1852 ,⁴(quod
618 1782 745 1836 omnibus
755 1783 885 1851 gentibus
895 1783 944 1836 ad·

151 1852 280 1904 mirabile
286 1849 512 1915 estvisum)udeo
519 1851 601 1906 facile
612 1852 741 1919 perculit,
752 1858 784 1902 ut
794 1857 859 1918 post
868 1851 944 1903 diem

152 1922 276 1984 tertium,
288 1937 369 1989 quam
381 1920 505 1974 Siciliam
516 1921 818 1990 attigerat,Syracusas
826 1919 943 1972 introis·
1003 1975 1004 1982 χ

151 1991 200 2046 rit.
234 1993 278 2043 Ex
287 2004 342 2058 quo
352 1991 470 2060 intelligi
482 1996 584 2058 potest,
593 1992 704 2044 nullum
719 2005 780 2044 esse
794 1991 943 2058 imperium
1003 1989 1004 2007 ¹

151 2059 528 2123 tutum‚nisibenevolentia
540 2062 687 2114 munitum.
722 2059 748 2113 t
766 2061 945 2125 Eotempore

151 2130 250 2199 aberat
260 2131 425 2197 Dionysius,
442 2135 471 2184 ot
480 2131 509 2182 in
519 2130 601 2188 ltalia
610 2131 727 2184 classem
739 2131 945 2198 opperiebatur,

152 2201 376 2255 adversariorum
385 2206 465 2253 ratus
475 2202 612 2254 neminem
623 2203 683 2253 sine
694 2204 801 2268 magnis
812 2202 897 2267 copiis
909 2199 944 2252 ad
1000 2255 1003 2266 Ἴ

153 2273 362 2324 retenturum:
390 2268 416 2322 b.
436 2270 571 2333 Quaeres
581 2285 646 2322 *eum
657 2269 766 2322 fefellit
786 2269 857 2320 Nam
868 2269 944 2322 Dion

153 2339 189 2390 iis
198 2341 275 2406 ipsis,
286 2340 334 2407 qui
345 2339 395 2390 sub
406 2339 558 2394 aduersarii
569 2338 681 2392 luerunt
690 2335 839 2404 potestate,
849 2340 944 2406 regios

153 2409 268 2474 spiritus
279 2410 426 2475 repressit,
440 2409 583 2476 totiusque
593 2409 651 2460 eius
665 2408 752 2472 partis
767 2405 879 2461 Siciliae
894 2421 943 2474 po·
1001 2435 1002 2440 κ

152 2476 223 2528 titus
233 2481 286 2540 est,
297 2493 368 2545 quae
377 2479 428 2531 sub
439 2478 570 2544 Dionysii
584 2480 724 2544 potestate
738 2475 845 2540 fuerat3
869 2479 943 2544 pari·

106 2579 115 2598 s
154 2559 209 2614 que
219 2547 301 2598 modo
310 2547 388 2599 urbis
399 2547 614 2616 Syracusarum,
630 2547 741 2611 praeter
756 2559 848 2596 arcem
860 2552 889 2598 et
902 2547 942 2596 in·

154 2614 245 2666 sulam
256 2615 415 2668 adiunctam
427 2617 542 2684 oppido3
552 2615 577 2668 6.
590 2629 749 2682 coquerem
762 2615 900 2681 perduxit,
910 2619 943 2684 ut

153 2683 257 2734 talibus
268 2684 441 2752 pactionssrus
457 2700 554 2752 pacem
573 2690 711 2750 tyrannus
732 2683 825 2737 facere
844 2683 940 2736 vellet:

155 2748 276 2807 Siciliam
286 2750 362 2808 Dion
373 2755 520 2820 obtineret,
530 2751 642 2806 ltaliam
651 2753 815 2822 Dionysius,
826 2753 940 2822 Syracu·
