2054 2956
152 127 188 182 as
343 121 675 210 xrrcrnocrorc
696 123 750 184 ιν.

152 227 949 300 nemldraeel‚maximequeqtodadversuspopulieorti-

151 293 235 356 modd
245 304 273 352 in
283 308 428 355 senectute
438 307 564 356 steterat.
604 301 630 354 2.
650 301 712 364 Qua
721 302 755 353 de
766 317 797 352 re
812 317 848 354 nc
862 315 948 369 pero·

150 372 235 424 randi
248 372 357 440 quidem
373 373 399 423 ei
414 372 481 425 data
496 378 539 424 est
553 371 686 434 facultas,
706 376 735 423 et
749 371 858 422 dicendi
879 387 947 425 cau.

152 453 223 494 sant.
257 442 324 494 lnde
335 443 451 505 iudicio,
470 440 603 509 legitimis
619 441 782 508 quibusdam
798 439 946 507 coniectis,

153 511 311 575 damnatus,
317 512 437 563 traditus
448 517 493 563 est
502 511 630 563 undecim
640 512 715 573 viris,
725 511 823 578 quibus
833 510 869 561 ad
881 520 948 580 sup·
974 545 982 552 -

151 581 268 648 plinium
287 595 369 634 rnore-
381 580 590 634 Atheniensium
605 580 717 646 publice
732 579 854 631 damnati
870 581 947 634 tradi

111 656 114 665 '
152 650 255 702 solent.
289 649 316 702 3.
333 651 390 702 llic
398 665 483 720 quum
494 650 529 701 ad
539 655 658 701 mortem
670 650 834 710 duceretur,
845 647 946 702 obvius

152 722 179 773 ei
191 719 456 787 iuitllmplryletus,
472 733 527 787 quo
538 719 715 771 familiariter
743 716 839 772 luerat
867 733 965 772 usus«

151 789 180 843 ls
191 805 276 858 quum
286 788 436 841 lacrimans
444 789 573 848 dixisset:
586 805 690 856 equam
701 787 946 858 indignapespete·

153 859 210 924 rit,
227 858 365 912 Phocion!
383 858 448 910 lrrrie
464 857 528 921 ille,
549 865 581 910 at
595 873 649 911 non
663 857 820 926 inopinata,
840 861 849 908 i
890 860 944 910 uit:

153 929 226 983 dunc
236 929 305 981 enim
315 927 417 982 exitum
424 926 548 996 plerique
559 927 629 980 clari
637 927 692 978 ciri
702 926 856 980 latuerunt
888 925 945 980 lde·

151 999 267 1052 trientes.
299 997 325 1049 4.
344 999 375 1050 ln
385 997 557 1049 hoctantum
568 997 622 1049 fuit
637 998 731 1048 odiunt
747 997 944 1062 multitudinis,

153 1074 187 1120 ut
196 1083 277 1118 nemo
289 1083 372 1118 ausus
383 1069 420 1117 sit
430 1081 493 1120 eum
501 1067 574 1120 liber
582 1067 711 1136 sepelire.
745 1067 845 1136 ltaque
855 1082 874 1120 a
888 1081 945 1120 scr·

111 1170 114 1176 ,
152 1138 396 1204 vissepultasest.
581 1195 583 1203 Ι
824 1163 827 1174 ·
854 1159 862 1176 κ

370 1607 375 1612 ·
501 1583 561 1640 ‚t
652 1611 657 1639 i
1025 1615 1026 1624 κ

160 1655 345 1748 Timoleon,
357 1681 570 1740 Corinthius.
586 1683 653 1740 Sine
664 1685 749 1740 dubio
760 1699 879 1757 magnus
891 1703 948 1742 om·
1025 1661 1026 1727 l

135 1770 138 1785 ‘
152 1755 348 1808 niumiudicic
357 1755 402 1808 hic
411 1757 455 1806 vir
466 1757 582 1816 exstitit.
611 1755 739 1824 Namque
748 1757 813 1810 huic
822 1761 872 1810 uni
884 1775 949 1812 con·
1024 1799 1025 1838 p

153 1825 320 1893 tigttffiquoc
328 1827 424 1877 neseio
434 1840 470 1875 an
480 1825 547 1888 ulli,
557 1831 626 1877 utet
638 1827 769 1891 patriam,
779 1829 808 1878 in
819 1831 876 1896 ilua
885 1833 952 1882 erat
1024 1849 1025 1858 ¹

153 1901 250 1957 natus,
262 1899 582 1962 oppresscmatyrannc
592 1895 740 1964 liberaret,
758 1897 949 1966 eta'Syracu·
1024 1893 1025 1916 ¹

154 1965 202 2026 sis,
213 1965 312 2030 quilius
323 1963 428 2016 auxilio
439 1969 500 2015 erat
510 1966 623 2028 missus,
634 1965 818 2018 inveteratam
830 1971 950 2020 servitu·

152 2039 214 2086 tem
233 2033 405 2099 depelleret,
420 2037 565 2102 totamque
580 2033 716 2099 Siciliam,
737 2037 841 2088 multos
857 2053 948 2090 arrnos

153 2103 369 2158 hellcrexatam
381 2118 399 2154 a
408 2103 587 2173 barbarisque
597 2119 773 2172 oppressam,
784 2121 834 2158 sno
846 2109 949 2160 adven·
1023 2159 1024 2162 ,

153 2179 188 2225 tu
197 2174 226 2224 in
235 2174 382 2239 pristinum
393 2173 566 2227 restitueret.
591 2175 618 2229 2
638 2173 694 2228 Scd
704 2176 730 2229 in
742 2173 784 2226 his
794 2177 879 2229 rebus
890 2193 949 2230 ncn
1023 2171 1024 2208 l

154 2239 277 2309 simplici
287 2242 401 2294 fortuna
412 2242 586 2296 conflictatus
597 2241 704 2309 est,‘et,
724 2245 753 2296 id
762 2247 840 2312 quod
850 2243 950 2300 diffici-

154 2311 211 2364 lius
222 2318 346 2380 putatur,
356 2312 444 2365 multo
454 2316 606 2382 sapientius
615 2314 682 2364 tulit
691 2316 851 2379 secundam,
862 2331 950 2384 quarn

155 2382 301 2434 adversam
313 2381 464 2433 fortunam.
500 2381 525 2434 3.
544 2383 614 2435 Nam
626 2399 711 2451 quum
722 2383 810 2436 irater
825 2387 887 2437 eius
902 2388 952 2438 Ti-

155 2449 325 2518 mophanes,
342 2453 399 2504 dux
410 2467 428 2504 a
442 2452 592 2504 Corinthiis
607 2452 746 2518 delectus,
766 2455 952 2520 tyrannidem

154 2533 208 2586 per
222 2521 327 2573 milites
345 2519 534 2576 mercenarios
555 2527 731 2588 occupasset,
751 2525 953 2594 particepsque

154 2591 236 2656 regni
246 2595 343 2655 posset
359 2605 433 2646 esset
451 2597 562 2643 tantum
572 2590 663 2642 abfuit
673 2605 691 2642 a
711 2594 847 2644 societate
861 2595 954 2648 scele-

154 2659 209 2721 ris,
219 2665 252 2709 nt
267 2661 431 2715 antetulerit
446 2676 559 2713 sucrum
570 2661 668 2711 civium
680 2660 837 2714 libertatem
850 2661 955 2718 fratris
1021 2677 1022 2708 1

156 2726 256 2794 saluti,
275 2733 305 2785 et
317 2744 418 2800 parere
433 2731 541 2802 legibus
546 2765 558 2796 ‚
575 2743 658 2800 qucnr
678 2731 815 2800 imperare
830 2735 954 2801 patrico,
