2054 2956
235 99 763 193 xxunrrrovsxuxnr.
843 138 893 196 115
972 149 980 162 ¹

99 253 177 310 imm,
195 221 370 311 potissimum
382 241 441 293 eius
452 241 589 308 deligeret
598 242 775 305 affinitatem,
796 257 892 312 praeo-

106 311 771 384 ptaretqueequitisRomaniiiiiamgenerosarum
780 316 891 380 nuptiis.
949 375 953 386 Ι

105 387 131 447 2.
142 387 233 450 Atque
249 379 349 432 harum
359 381 520 446 nuptiarum
531 382 758 433 conciliator‘suit
770 385 837 444 (non
849 389 893 435 ost

65 491 71 500 .
107 455 179 506 enim
191 451 350 512 celandum)
362 449 400 500 M.
410 451 689 513 Antoniustriumrir
699 452 816 518 reipubl.
829 467 891 506 oon-

106 521 278 588 stituendaez
297 521 377 572 cuius
387 521 479 587 gratia
490 535 574 588 quam
585 535 687 586 augere
702 523 891 588 possessiones

105 596 199 660 posset
208 605 288 652 suas,
297 593 407 640 tantum
417 589 507 640 abfuit
517 605 535 640 a
548 591 699 656 eupiditate
709 593 850 656 pecuniae,
860 597 893 644 ut

4 635 5 666 ³
104 659 182 714 nulla
192 661 221 710 in
239 675 270 712 re
281 672 348 710 usus
364 658 402 712 sit
415 673 470 721 ea„
481 660 535 710 nisi
549 661 579 709 in
595 659 775 726 deprecandis
790 663 891 712 ainrico·

105 745 167 784 rum
179 735 229 783 aut
238 725 385 796 periculis,
406 734 456 780 eut
470 729 661 782 incommodis.
697 727 722 780 3.
741 729 822 790 Quod
833 732 892 798 qui·

104 800 167 852 dem
181 799 232 850 sub
246 799 308 864 ipsa
327 800 533 866 proscriptione
552 799 711 866 perillustre
725 797 785 850 fuit.
821 801 892 852 Nam
955 801 960 804 '
1022 843 1023 850 ,

91 885 189 938 -quum
198 867 231 920 L.
242 866 363 932 Saufeii,
383 871 484 936 equitis
493 863 623 932 Romani,
633 868 759 936 aequalis
769 869 825 932 sui,
845 871 892 936 qui

4 955 5 1018 p
105 937 261 1004 complures
271 953 369 1000 annos,
378 938 472 990 studio
483 939 583 990 ductus
594 936 800 1004 philosophiae,
809 937 890 992 Athe-

4 1019 6 1044 ³
104 1010 147 1060 nis
158 1007 315 1070 habitabat,
336 1005 510 1076 habebatque
529 1007 657 1066 initalia
675 1007 812 1074 pretiosas
830 1021 891 1073 pos·

4 1075 19 1138 i.

104 1079 249 1140 sessiones,
259 1077 398 1128 triumuiri
408 1077 483 1127 bona
492 1077 681 1130 vendidissent
691 1079 891 1130 consuetudine

4 1145 6 1220 ξ
103 1161 150 1209 ea,
162 1151 286 1214 quatum
297 1161 342 1198 res
352 1145 537 1212 gerebantur:
556 1147 642 1198 Attici
652 1147 748 1200 labora
759 1153 841 1215 atque
852 1149 891 1200 in-

4 1243 6 1276 i

104 1216 213 1268 dustria
222 1214 325 1266 facturn
337 1219 393 1278 est,
412 1218 445 1266 ut
455 1215 556 1268 coelem
564 1219 661 1268 nuntio
673 1215 800 1274 Saufeius
810 1219 892 1270 lieret

4 1325 5 1336 ,
105 1287 223 1346 certior,
251 1299 281 1336 se
300 1285 497 1349 patrimonium
509 1287 634 1339 amisisse
653 1291 682 1338 et
701 1301 890 1352 recuperasse.

4 1379 5 1384 ¹
53 1397 55 1401 ,
95 1353 890 1424 st.1dem1..1unu1ucaiiaum,quemposthueretnoa·

101 1423 223 1490 tollique
235 1427 352 1474 mortem
363 1425 456 1476 multo
464 1425 701 1490 elegantissimum
715 1428 826 1492 politum
843 1441 891 1476 no·

102 1498 190 1544 stram
200 1492 298 1544 tulisse
309 1497 430 1546 aetatem
440 1508 505 1546 rere
514 1494 611 1545 videor
621 1508 702 1560 posse
713 1493 890 1556 contendere,

4 1603 6 1634 b
102 1577 192 1630 nsque
212 1563 402 1614 minustirum
411 1564 515 1614 bonum
530 1565 696 1630 optimisque
711 1563 819 1614 artibus
829 1578 894 1614 eru..

4 1651 5 1678 r
103 1632 206 1703 ditum,
225 1635 290 1697 post
307 1632 537 1698 proscriptionem
556 1633 680 1699 equitum
700 1637 814 1698 propter
833 1647 889 1684 ma-

102 1716 171 1768 gnas
187 1701 249 1752 eius
261 1699 406 1752 Africanas
425 1701 613 1766 possessiones
629 1702 657 1752 in
672 1701 890 1768 proscriptorum

102 1785 249 1822 numerum
260 1785 279 1819 a
288 1769 317 1819 P.
332 1769 488 1832 Volumnio,
496 1769 638 1836 praefecto
650 1769 759 1822 fabrum
769 1773 891 1836 Antonii,

102 1839 244 1893 absermenr
256 1838 391 1900 relatum,
402 1840 553 1906 expedivit.
585 1837 710 1902 &Quod
721 1841 749 1892 in
760 1855 889 1907 praesen·
934 1852 935 1855 ’
984 1859 989 1870 “

4 1965 5 1984 ἶ
31 1936 35 1938 -
102 1911 125 1960 ti
136 1909 269 1960 utrumei
280 1907 445 1959 laboriosius
455 1925 490 1960 an
500 1909 651 1977 gloriosius
662 1908 760 1974 suerit,
777 1909 890 1964 difficile

101 1977 309 2036 fuitiudicare:
335 1977 448 2044 quodiu
463 1995 559 2030 eorum
574 1979 721 2046 periculis,
739 1995 795 2034 non
809 1997 890 2033 secus

102 2049 242 2110 absentes,
253 2062 335 2114 quam
346 2053 506 2120 praesentes
517 2051 718 2102 anrieosdttico
726 2067 786 2108 esse
797 2065 890 2113 curae,

68 2129 72 2136 ’
102 2119 245 2186 cognitum
256 2121 309 2168 est.

155 2187 233 2238 Xlll.
249 2185 346 2252 Neque
360 2201 428 2238 uero
443 2187 533 2238 minus
548 2187 598 2242 iile
614 2189 656 2241 vir
670 2190 758 2242 bonus
769 2186 890 2256 pateria-

101 2257 194 2308 miiias
211 2255 322 2308 habitus
338 2261 397 2318 est,
414 2271 496 2324 quam
517 2259 591 2309 civis.
624 2257 699 2318 ‚Nam
715 2275 798 2328 quum
815 2264 892 2310 esset
996 2287 1023 2322 μ

139 2327 283 2394 cuniosus,
294 2340 375 2376 nemo
386 2325 436 2376 illo
446 2326 536 2376 minus
547 2327 600 2378 init
611 2343 706 2391 emax,-
714 2331 806 2380 urinus
817 2327 890 2380 aedi·

15 2419 19 2434 x
124 2401 213 2448 caton.
241 2394 336 2461 Neque
348 2401 441 2450 tamen
451 2396 546 2446 nonin
557 2399 732 2464 pri-misbeue
747 2397 891 2460 habitavit,

100 2465 416 2530 omnibuspueoptimis
436 2465 519 2517 rebus
538 2481 605 2518 usus
626 2473 688 2518 est.
713 2465 830 2522 2Nam
844 2466 891 2518 do-

54 2559 60 2598 s
99 2549 179 2588 muns
199 2531 297 2583 habuit
316 2533 345 2582 in
364 2535 435 2586 colle
451 2535 589 2596 Quirinali
609 2533 835 2603 ’ramphilanam
854 2535 890 2587 ab

100 2601 241 2656 avunculo
252 2597 406 2656 hereditate
421 2603 558 2656 relictam:
578 2606 656 2658 cuius
670 2607 823 2658 amoenitas
835 2619 889 2655 non

100 2669 551 2732 aedificio,sedsilvaconstabut.
586 2675 887 2741 lpsumenimtcctum,

101 2741 259 2846 pntiquitus
279 2742 473 2820 coustitutum,
494 2733 559 2810 plu's
577 2743 761 2856 salffiquam
781 2745 890 2792 sumtus
