2032 2962
140 107 179 194 54'
289 138 375 196 xrv.
397 129 635 194 aurnuns.
656 135 774 190 11-1v.

140 237 271 306 barzane,
281 243 541 312 praefectclpdiae
551 243 825 309 etloniaetotiusque
835 237 934 306 Phry.
1010 215 1011 306 l

141 315 217 382 giae,
227 314 352 365 desertus
364 319 448 376 esset,
460 311 546 364 nihilo
557 314 668 380 segnius
678 313 876 378 perseuerauit,
889 311 926 360 ri·
1010 309 1011 344 l

140 397 260 450 vanique
271 381 382 448 'l'hyum
394 383 466 448 cepit
477 398 538 433 cum
550 397 636 434 uxore
648 385 676 432 et
687 381 788 432 liberis.
895 393 903 432 1

111 484 120 504 .
195 453 241 502 lll.
259 452 343 502 Cuius
354 449 420 502 lacti
436 467 471 503 ne
486 454 562 518 prius
578 451 652 502 fama
667 451 702 500 ad
718 465 826 516 regem,
841 463 924 515 quam

106 543 119 560 ·
141 522 212 587 ipse,
223 521 387 587 perveniret,
398 521 475 573 dedit
486 537 554 588 oper
656 525 741 588 taque
752 519 877 570 onrnibus
888 519 928 568 in-

119 625 128 676 1
143 591 220 651 sciis,
231 604 273 651 eo,
284 591 400 641 abierat
409 605 467 650 rex,
478 607 493 639 v
533 593 538 602 “
637 603 739 656 eraque
750 589 794 638 die
806 587 928 653 'l'liyurm

121 657 282 726 -lreminem
298 661 410 710 maximi
427 660 549 731 eorporis
565 658 738 724 terribilique
754 657 838 719 faeie,
854 655 928 722 quod
1010 719 1011 722 Ἴ

107 765 115 776 .
135 729 274 795 «etniger,
289 733 318 779 et
331 727 434 794 capillo
451 729 534 796 louge
548 729 688 794 barbaque
703 733 765 778 erat
784 728 929 792 promissa,
1010 727 1011 788 l

77 817 83 830 ¹
132 797 335 864 optimatem
348 800 522 866 texit,quam
540 802 667 862 satrapae
677 797 746 862 regii
758 811 854 862 gerere
866 811 929 846 cen·
1010 795 1011 848 i

121 895 128 912 ·
144 863 307 930 suererane
325 867 584 936 ornavitqueetiam
596 870 705 932 torque,
716 870 744 916 et
755 865 872 927 armillis
882 879 930 915 au·
1010 879 1011 902 t

127 937 212 998 -reis,
223 941 369 1002 ceteroque
379 938 456 1003 regio
472 935 564 999 cultu3
586 935 611 986 2.
636 935 695 1000 ipse
706 935 809 1002 agresti
826 933 930 1000 duplici
1010 935 1011 966 ³

123 1031 130 1044 ·
145 1005 264 1055 arnitulo
275 1005 461 1056 circumdatus
473 1003 601 1072 hirtaque
613 1006 724 1066 tunica,
732 1019 831 1071 gerens
846 1006 875 1054 in
887 1017 931 1070 ea-
1010 1011 1011 1016 ’

121 1117 126 1130 ,
144 1075 202 1140 pite
213 1073 323 1140 'galeam
333 1075 517 1136 venatoriam,
528 1075 627 1127 dextra
636 1091 720 1126 rnanu
731 1075 850 1135 clavam,
866 1073 931 1122 sini·
1010 1081 1011 1086 ’

121 1175 127 1189 .
143 1148 203 1194 stra
214 1142 354 1208 copulam,
366 1159 421 1210 qua
434 1145 555 1194 vinctum
571 1149 636 1196 ante
651 1144 685 1196 se'
696 1142 806 1209 'l'hyum
822 1143 932 1210 agebat,
1010 1159 1011 1166 ¹

118 1248 125 1263 .
143 1219 178 1264 ut
187 1211 211 1260 si
222 1209 309 1262 feram
320 1212 436 1262 bestiam
448 1219 556 1278 captam
567 1215 690 1265 duceret.
710 1213 735 1265 3.
747 1215 834 1276 Quem
846 1212 931 1278 quum
1010 1225 1011 1276 }

117 1303 132 1321 ν
146 1281 558 1350 amnespruspieerentpropter
567 1285 718 1336 novitatem
730 1287 843 1332 onratus
854 1282 932 1346 igno·
1010 1295 1011 1334 i

119 1357 128 1374 ·
144 1355 257 1416 ternique
268 1347 399 1412 formam,
411 1350 445 1402 ob
457 1361 573 1420 eamque
588 1368 646 1404 rem
659 1367 774 1418 maguus
784 1355 859 1402 esset
868 1364 932 1414 corr·
1010 1357 1011 1412 j

121 1448 129 1467 .
145 1433 256 1481 eursus3
276 1417 330 1468 furit
340 1434 395 1470 nen
408 1435 502 1483 nemu,
513 1423 559 1488 qui
570 1427 736 1488 agnosceret
750 1419 875 1486 Thyum,
890 1433 933 1468 re·
1010 1417 1011 1420 ’

120 1539 128 1554 ‚
144 1490 228 1557 gique
239 1490 389 1540 nuntiaret.
425 1489 519 1542 Primo
530 1507 584 1542 non
595 1491 755 1542 accredidit.
789 1489 814 1539 4,
835 1489 933 1556 ltaque

126 1557 355 1610 .Pharnabazum
367 1561 442 1610 misit
452 1559 637 1626 exploratum.
671 1561 759 1626 Aque
769 1565 801 1608 ut
811 1573 870 1609 rem
886 1573 932 1624 ge·
1010 1571 1011 1582 ¹

128 1633 216 1678 ‚stam
228 1629 371 1698 comperit,
382 1631 476 1682 statim
488 1630 596 1689 admitti
606 1631 700 1692 iussit,
709 1633 877 1697 magnopere
887 1628 933 1678 de·

129 1696 264 1750 ⁸lectatus
275 1713 359 1765 quum
371 1697 460 1762 facto,
475 1705 534 1750 turn
551 1705 665 1750 urnatu:
690 1701 718 1750 in
733 1701 840 1773 primis,
857 1695 933 1765 quod
1010 1695 1011 1744 i

131 1767 244 1819 mobilis
256 1783 305 1819 rex
315 1767 519 1834 inpotestatenr
530 1771 683 1836 inopinanti
691 1772 812 1820 uenerat.
836 1765 861 1817 5.
880 1767 934 1816 lta·
1010 1765 1011 1824 ξ

132 1851 199 1902 ‚que
209 1839 354 1903 magnifice
364 1837 512 1890 Datamem
527 1838 660 1890 donatum
673 1839 708 1888 ad
719 1839 870 1889 exereitum
884 1837 934 1887 mi-

113 1933 115 1936 ·
132 1908 205 1974 sit,
216 1907 261 1974 qui
272 1912 330 1956 tum
339 1905 564 1958 contrahebatur
574 1907 644 1960 duce
653 1906 834 1959 Pharnabazo
846 1912 874 1957 et
888 1906 936 1957 Ti·
1010 1909 1011 1942 ἶ

130 1973 273 2026 «thrauste
283 1975 318 2026 ad
329 1976 438 2026 bellum
444 1979 625 2044 Aegyptium,
634 1977 750 2044 parique
761 1993 838 2039 eum,
849 1981 934 2042 atque
1010 1961 1011 2010 l

132 2045 222 2107 .illos‚
232 2045 348 2110 imperio
360 2059 420 2096 esse
430 2048 519 2119 iussit.
554 2045 655 2099 Postea
668 2061 736 2098 vero
753 2062 834 2114 quarn
849 2045 934 2097 Phar·

127 2115 484 2177 »nabazumrexrevoeavit
495 2115 538 2166 illi
545 2117 767 2184 summaimperii
774 2116 935 2167 truditaest.
1010 2137 1011 2168 l

197 2184 244 2236 Ν.
263 2181 318 2236 Hic
328 2197 411 2250 quum
423 2187 542 2235 maximo
558 2186 651 2238 studio
668 2189 842 2251 corrrpararet
856 2197 936 2234 exer.
1010 2183 1011 2226 l

145 2255 245 2316 cltum,
268 2254 482 2320 Aegyptumque
500 2256 638 2320 proticisci
657 2261 783 2322 pararet,
807 2253 901 2304 subito
917 2265 935 2301 a

17 2375 20 2382 ,
101 2375 104 2378 .
143 2339 211 2392 rege
232 2324 343 2376 litterae
364 2328 429 2373 sunt
445 2323 470 2373 ei
490 2323 605 2388 missae,
628 2331 661 2376 ut
684 2325 776 2389 Aspim
802 2319 936 2390 aggrede-

144 2405 237 2454 retur,
258 2393 306 2462 qui
316 2393 477 2444 Cataoniam
487 2394 613 2444 tenebat:
633 2409 704 2461 quae
719 2407 787 2460 gens
802 2393 876 2442 iacet
891 2406 937 2442 su-

144 2477 197 2530 pra
218 2463 358 2525 Ciliciam,
388 2462 502 2512 caulinis
523 2463 720 2530 Cappadociae.
766 2461 791 2513 2.
810 2461 938 2529 Namque

145 2535 241 2597 Aspis,
260 2531 424 2604 'saltuosam
444 2532 585 2598 regionem
604 2531 782 2598 castellisque
801 2532 938 2582 nrunitam
1010 2583 1011 2602 ,

145 2599 289 2663 incolens,
327 2615 382 2650 non
413 2599 501 2650 solum
522 2601 639 2666 imperio
668 2602 743 2668 regis
772 2616 828 2651 non
858 2615 938 2666 pare-

145 2671 208 2731 bat,
240 2669 290 2720 sed
315 2671 399 2720 etiarn
426 2669 556 2717 finitimas
576 2670 705 2735 regiones
728 2671 860 2731 vexabat,
894 2675 937 2731 et,

148 2753 219 2806 quae
230 2739 289 2805 regi
301 2742 489 2806 portarentur,
500 2735 662 2802 abripiebat.
699 2737 724 2792 3.
742 2739 887 2803 Datames,
897 2737 935 2792 et·
1010 2755 1011 2796 l
