2054 2956
70 125 76 137 '
137 149 174 206 sc
289 151 388 246 jxvn
415 109 767 222 ro120r115AS.v2

34 253 36 260 ’
137 241 337 318 αι’-ἱ)ἰπατεῒιιτ,
345 254 421 324 quod
432 254 504 321 apud
516 267 610 305 omnes
619 257 716 321 gentes
726 255 852 324 sanetum
863 269 924 312 esse

138 329 308 388 consuesset,
319 329 462 392 styranno
472 322 630 377 Alexandro
640 321 764 376 Pheraeo
771 323 924 380 simulcum

137 395 258 447 lsmenia
280 391 496 460 comprehensos
519 393 549 444 in
572 392 683 448 siacula
705 393 848 445 coniectus
873 401 923 448 est.
1019 429 1020 434 κ

138 451 172 516 2'
192 463 497 528 Huncllpaminondas
523 460 710 528 recuperavit,
732 461 807 514 bello
832 475 924 530 persa·

48 579 54 601 κ
139 547 227 600 quens
246 531 443 584 Alexandrum.
483 529 590 584 Postid
605 530 710 583 factum
731 545 881 599 numquam
900 535 925 584 is

140 603 235 654 animo
247 601 352 668 placari
368 601 460 668 potuit
474 602 503 651 in
519 615 591 664 eum,
610 616 628 652 a
642 613 697 668 quo
717 605 779 651 erat
794 600 924 654 violatio.
944 646 947 654 .

137 671 236 738 ltaque
255 672 396 738 persuasit
409 669 564 732 Thebanis,
578 674 610 719 ut
624 668 748 720 subsidio
763 668 925 726 Thessaliae

139 742 397 808 proficiscerentur,
424 744 615 807 tyrannosque
649 739 710 790 eius
744 737 925 805 expellerent

138 809 163 863 ³.
182 810 267 862 Gaius
286 809 353 861 belli
373 821 458 876 quom
478 809 504 859 ei
523 821 631 858 summa
649 811 725 858 esset
743 806 817 870 dota,
836 822 925 876 eoque

136 894 203 932 com
214 879 337 932 exercitu
348 877 490 944 profectus
507 881 592 939 esset,
606 889 662 926 non
678 875 826 939 dubitavit,
841 876 924 929 simul

138 963 172 999 ac
183 949 326 1015 conspexit
336 945 458 1009 hostem,
469 945 627 1013 eonlligare.
661 943 688 996 4.
706 945 738 996 ln
749 957 804 1014 quo
815 943 924 1013 proelio

138 1016 327 1069 Alexandrum
338 1020 370 1067 ut
379 1015 583 1078 animadvertit,
593 1016 724 1066 incensus
734 1014 925 1082 iraequumlin

139 1101 203 1140 eum
213 1085 374 1147 concitavit,
385 1083 538 1152 proculque
548 1085 695 1152 degressus
704 1099 721 1134 a
731 1085 788 1135 suis
799 1085 926 1136 coniectu

138 1153 261 1208 telorum
272 1153 416 1205 confossus
428 1154 557 1206 concidit.
592 1157 682 1222 Atque
692 1151 745 1205 hec
755 1153 878 1204 secunda
887 1155 926 1204 vi·

139 1226 229 1278 storia
238 1223 348 1275 accidit:
360 1235 424 1273 nam
435 1223 490 1273 iam
500 1223 647 1275 inclinatae
652 1228 734 1274 erant
740 1228 927 1288 tyrannorum

139 1294 244 1360 copiae.
271 1289 296 1342 5.
315 1292 377 1352 Quo
387 1289 461 1342 laeto
471 1307 565 1344 omncs
576 1291 738 1344 Thessaliae
749 1291 875 1343 civitates
885 1292 926 1342 in·

138 1361 288 1415 terleetum
299 1359 460 1426 Pelopidam
467 1361 929 1428 coronisanreisetstatuisaeoeis,
946 1397 948 1404 .
1019 1355 1020 1360 ’

76 1443 78 1446 ·
138 1429 300 1498 liberosque
310 1431 370 1482 eius
380 1429 469 1510 multo
478 1444 547 1498 egro
558 1429 706 1509 donarunt.

142 1529 913 1636 eesessessssesseesseeesessscssse

468 1649 592 1718 XVII.

311 1753 726 1840 AGESILAV'S,

240 1881 244 1888 .
518 1887 541 1940 ι
621 1937 625 1943 ¹
668 1905 672 1918 ἴ

139 1957 340 2054 Agesilaus,
359 1985 661 2053 Lacedaemonius,
681 2003 764 2058 quom
785 2001 804 2041 a
822 1989 929 2042 ceteris

141 2055 610 2122 scriptoribostumeximieaXeno
631 2056 930 2112 honteSocratieocdl-

142 2121 271 2175 laudatus
281 2130 335 2178 cst:
347 2137 380 2176 eo
392 2126 465 2176 enim
476 2141 543 2176 usus
553 2132 597 2178 est
607 2073 828 2179 ldmiliarissime.
839 2129 865 2179 2.
871 2130 931 2181 Hic
954 2125 956 2132 '
991 2145 997 2154 ·

140 2195 258 2260 primum
270 2193 304 2246 de
315 2208 401 2261 regno
412 2211 474 2246 eum
484 2193 671 2264 Leotychide,
692 2196 788 2248 fratris
799 2196 867 2260 olio,
879 2196 931 2250 ha·

40 2265 46 2276 “
141 2261 202 2312 buit
212 2264 425 2314 contentionem.
440 2265 503 2315 Mos
514 2269 558 2315 ost
568 2267 640 2316 enlm
651 2279 668 2316 a
678 2266 828 2318 maioribus
838 2264 932 2318 Lace·
946 2317 951 2338 ,

141 2330 293 2382 daemoniis
303 2331 436 2395 traditus,
446 2337 478 2382 ut
488 2332 558 2384 duos
568 2331 702 2384 haberent
711 2347 821 2399 semper
835 2327 932 2402 reges,

89 2459 92 2468 .
141 2400 932 2466 nonsincmagis,‘qoamimperio‚exduobosfamiliisPro-

140 2466 175 2516 cli
186 2473 214 2516 et
227 2467 425 2533 Eurysthenis,
446 2472 492 2536 qui
502 2469 639 2534 principes
653 2481 689 2520 cx
702 2469 835 2536 progenie
848 2469 927 2522 Her-

140 2533 210 2586 culis
222 2533 339 2600 Spartae
348 2552 428 2603 reges
439 2537 560 2587 bierunt.
576 2533 600 2585 3.
618 2535 727 2586 Horum
739 2551 774 2588 ex
784 2537 876 2590 altera
888 2540 928 2590 a'n

140 2602 259 2653 alterius
279 2601 401 2655 familiae
416 2600 509 2655 locum
525 2603 585 2654 fieri
600 2617 656 2653 non
668 2599 779 2655 licebat.
823 2605 931 2672 ltaque

134 2675 260 2736 ,atraque
279 2685 359 2722 sirum
375 2672 516 2724 retinebat
531 2669 665 2722 ordinem.
710 2671 833 2724 Primum
848 2677 930 2728 ratio

140 2733 309 2803 habebatur,
319 2739 366 2807 qui
375 2740 515 2793 maximus
524 2743 681 2795 natasset
695 2753 730 2794 ex
742 2739 839 2793 liberis
855 2743 933 2802 eius.
