2032 2962
240 63 709 124 xlv.nnramus.IV.v.
832 67 867 124 55

75 170 102 222 si
114 173 198 239 longe
209 172 305 223 aberat
315 171 349 223 ab
359 170 401 222 his
412 173 583 239 regionibus,
593 177 623 224 et
632 175 763 226 amaiore
773 187 804 226 re
820 167 878 226 ab·v

72 241 584 308 etrahebatur‚tamenregisvoluntati
595 257 701 293 murem
710 245 865 310 gerendum

49 315 52 322 '
73 313 194 382 putavit.
208 310 305 378 ltaque
316 326 376 361 eum
387 313 490 378 paucis,
501 310 550 362 sed
561 312 626 362 viris
637 311 756 362 sortibus
766 327 865 364 navem

74 380 253 434 conscenditz
273 381 444 442 existimans,
454 380 483 431 id
497 380 571 447 qued
585 381 692 444 accidit,
707 381 817 434 facilius
832 395 863 434 se

71 450 279 517 imprudentem
294 463 379 516 parra
392 463 475 500 manu
491 463 699 568 oppressurum,
720 465 802 518 quam
817 465 863 518 pa·
914 480 938 555 p

72 526 169 572 ratum
179 521 303 587 quamvis
313 533 414 588 niagno
425 521 516 574 exerui
532 535 557 570 u.
596 517 623 568 4.
648 521 863 578 HacdeIatusin
957 545 965 578 ι

74 590 216 651 Ciliciam,
227 603 355 656 egressus
364 588 437 651 inde,
449 589 508 640 dies
518 593 669 655 noctesque
680 583 734 641 iter
745 589 864 653 iaciens,
889 538 915 668 Q
941 578 959 661 J
975 644 981 668 s

74 660 200 712 Taurum
211 659 328 720 transiit,
339 671 436 726 eoque,
446 672 501 726 que
511 657 664 719 studuerat,
675 660 764 722 venit3
780 673 864 727 quae·
913 667 932 726 ii
973 681 975 688 ,

74 731 122 791 rit,
132 727 312 795 quibuslecis
322 727 359 778 sit
368 728 461 792 Aspii;
472 729 626 794 cognoscit,
638 725 712 778 haud
723 729 806 795 lunge
816 728 863 779 ab·
927 722 990 810 μῂ

75 811 149 860 esse,
160 795 370 864 profectumque
381 811 444 848 eum
454 802 593 848 renatum.
629 797 717 859 Quem
729 798 793 849 dum
804 812 865 862 spe·
881 831 887 852 1
939 797 971 853 i*

76 865 346 929 cuiatur‚adrentus
362 867 421 918 eius
432 881 516 918 causa
532 867 718 932 cognoscitur.
759 867 865 918 Pisidae

75 951 139 988 curn
150 937 196 998 iis,
207 950 277 1004 ques
287 951 380 987 secum
391 934 522 998 habebat,
536 935 572 986 ari
586 935 771 987 resistendum
786 937 864 1002 Aspis

75 1011 228 1071 corruperat.
265 1003 289 1056 5.
311 1005 343 1073 ld
352 1005 486 1056 Datames
496 1007 544 1057 ubi
555 1005 667 1067 audivit,
678 1007 863 1068 armasumit,

74 1089 198 1142 suosque
209 1076 288 1141 sequi
299 1073 389 1126 iubet:
409 1075 467 1140 ipse
477 1077 698 1142 equ0,coneitate
709 1075 744 1126 ad
755 1073 772 1126 h
793 1074 865 1133 stem

75 1143 196 1196 vehitur.
216 1144 305 1206 Quem
315 1143 414 1211 procul
424 1145 502 1210 Aspis
514 1146 683 1211 conspiciens
693 1091 864 1197 adsederen-

75 1219 133 1264 tem
145 1214 331 1279 pertimescit,
341 1217 425 1281 atque
442 1228 459 1263 u
474 1220 574 1265 conatu
586 1215 864 1273 resistendideterri·

76 1289 122 1334 tus
133 1297 195 1334 sese
206 1283 290 1336 dedit.
296 1279 524 1350 HuncDatam'us
534 1285 654 1336 uinctum
665 1283 700 1341 ad
710 1299 804 1352 regem
815 1284 865 1335 du·

77 1352 196 1405 cendum
208 1353 295 1404 tradit
305 1352 471 1406 Mithridati.

87 1425 111 1488 -i
123 1422 157 1476 V.
167 1421 252 1494 Jiaec
263 1422 329 1474 dum
339 1429 483 1492 geruntur,
493 1426 668 1486 Artaxerxes,
676 1425 864 1485 reminiscens,

77 1503 95 1542 a
106 1497 212 1560 quante
222 1491 297 1543 belle
307 1493 342 1544 ad
353 1509 436 1560 quam
447 1508 561 1560 parvam
576 1509 636 1544 rem
651 1491 864 1560 principem'du-

78 1577 140 1612 eum
152 1563 281 1625 misisset,
292 1577 321 1614 se
332 1565 391 1628 ipse
402 1562 591 1632 reprehendit,
602 1563 763 1614 etnuntium
774 1561 808 1612 ad
820 1575 865 1610 ex·
887 1603 906 1618 κ
931 1610 944 1633 ι

78 1632 196 1682 ercitum
205 1632 279 1682 Acen
291 1634 379 1694 misit,
391 1633 464 1700 quud
480 1629 600 1681 nondum
610 1631 758 1681 Datamem
774 1628 865 1696 proie-
876 1619 932 1702 &p

77 1705 154 1750 etum
168 1700 297 1764 putabat,
308 1703 355 1776 qui
372 1701 492 1762 diceret,
503 1715 537 1750 ne
552 1699 586 1750 ab
603 1700 727 1751 exercitu
744 1697 866 1749 discede·
884 1721 895 1744 ι
915 1705 945 1749 »ᾖν

76 1773 128 1820 ret.
157 1769 221 1827 Hic
232 1771 392 1839 priusquam
402 1770 567 1837 perveniret,
579 1783 633 1835 quo
643 1772 704 1820 erat
715 1767 866 1832 profectus

77 1840 106 1889 in
117 1839 219 1903 itinere
230 1843 367 1904 convenit,
378 1843 425 1907 qui
436 1841 529 1907 Aspim
542 1837 686 1891 ducebant
706 1837 731 1887 2.
752 1838 814 1900 Qua
824 1851 866 1888 ce-

78 1906 190 1959 leritate
205 1921 288 1974 quum
305 1925 434 1977 magnam
452 1908 673 1964 benevolentiam
687 1909 766 1976 regis
782 1907 866 1958 Data-

77 1992 137 2029 mes
148 1981 312 2028 consecutus
324 1985 468 2041 esset‚non
478 1978 750 2031 minoreminvidiam
762 1976 865 2028 aulice·

77 2062 139 2097 rum
152 2047 321 2166 excepi'ri
332 2045 412 2098 illum
424 2063 508 2098 unum
520 2047 615 2114 pluris,
626 2063 707 2116 quam
718 2051 748 2100 se
761 2059 865 2108 omnes,

77 2117 139 2168 tieri
150 2115 267 2167 videbun
282 2151 288 2166 .
325 2116 387 2178 Quo
399 2116 473 2168 facte
485 2120 576 2168 cuncti
588 2119 697 2169 adeum
712 2118 865 2183 opprimen-
892 2165 895 2173 ,

78 2185 144 2236 dum
166 2191 375 2236 consenserunt.
412 2185 535 2236 3.·Haec
550 2187 700 2248 Pandatee,
719 2201 806 2254 gazae
820 2199 865 2234 cu-

76 2260 136 2305 stus
147 2255 251 2322 regiae,
258 2253 365 2306 &micus
375 2254 501 2317 Datami,
512 2257 664 2322 perscripta
680 2257 705 2307 ei
720 2257 820 2315 mittit,
835 2254 865 2303 in

77 2325 179 2392 quibus
191 2324 285 2374 ducet:
310 2339 372 2375 eum
382 2339 483 2391 magne
498 2323 558 2374 sure
576 2324 714 2391 periculo,
724 2327 748 2375 si
759 2321 823 2390 quid
834 2320 865 2371 il·

29 2412 31 2418 ·
76 2393 105 2444 le
116 2396 273 2460 imperante
284 2395 450 2460 innegyptes
457 2393 563 2444 adversi
575 2394 728 2452 accidisset,
747 2391 772 2443 4.
784 2390 865 2442 Nam·

77 2479 132 2530 que
144 2477 206 2516 eam
218 2477 279 2512 esse
288 2463 632 2528 consuetudinemregiam,
643 2467 674 2511 ut
680 2473 761 2512 casus
772 2459 866 2510 adrer-
939 2505 957 2530 ,-

77 2547 124 2583 sos
135 2530 293 2581 hominibus
299 2532 430 2592 tribuant,
440 2532 576 2582 secundus
583 2530 713 2581 furtunae
719 2543 800 2578 suae:
810 2539 866 2594 quo
924 2535 966 2581 tr·

76 2602 155 2662 fleri,
166 2606 199 2649 ut
209 2597 290 2650 facile
301 2598 520 2666 impellanturad
528 2599 788 2664 eurumperniciem,
800 2608 866 2661 quo·

76 2685 143 2724 rum
153 2669 241 2723 ductu
251 2682 296 2742 res
306 2669 379 2723 maie
393 2673 489 2738 gestae
504 2669 675 2720 nuntientur.
715 2666 799 2716 illum
814 2663 866 2713 hoc
913 2699 955 2768 W
