2032 2962
208 97 291 152 xrv.
313 97 554 156 aurnuns.
576 54 714 167 {rr-xc¹
822 61 862 158 ss

132 173 137 196 i
472 194 474 198 .

64 209 116 258 unt
126 204 271 271 impetum,
283 205 330 274 qui
339 205 500 272 suppositus
511 211 579 258 erat.
616 206 856 274 Prasdirieratau·
896 241 901 248 -

63 283 121 328 tem
132 273 176 324 bis
187 273 333 337 Datames,
344 289 405 324 cum
417 275 516 342 quibus
527 275 580 326 iter
591 274 725 340 faciebat,
737 281 768 326 ut
777 291 856 342 para·

62 347 85 396 ti
97 348 194 400 essent
205 342 311 405 facere,
320 343 395 411 quod
404 345 495 410 ipsum
505 345 647 398 vidissent.
688 344 713 398 5.
733 347 808 411 lpse,
824 351 857 396 ut

64 417 263 466 concurrentes
272 413 450 464 insidiatores
465 415 674 482 auinradrertit‚
689 415 790 483 telelin
806 429 855 466 eos

64 483 193 534 coniecit.
217 483 292 533 Hoc
302 482 374 533 idem
386 497 470 549 quum
482 483 604 538 universi
616 481 754 545 fecissent,
765 486 855 549 prius·

40 581 45 588 ·
64 567 148 620 quam
160 553 339 616 pervenirent
349 549 385 604 ad
394 565 471 616 cum,
483 565 565 619 quern
580 551 694 622 aggredi
708 553 854 618 volebant,
949 585 986 656 ι

64 622 168 674 confixi
178 620 346 672 ceciderunt.
389 659 420 668 Α.
506 655 514 670 .

116 689 153 740 Χ,
170 689 226 740 Hic
237 695 329 742 tumen
340 695 398 742 tam
409 690 528 744 callidus
538 687 717 743 vir'eatrcmo
727 695 854 758 temporo

64 763 167 827 captus
190 765 234 810 cst
256 757 443 824 Mithridatis,
468 761 665 814 Ariobarzanis
690 761 754 823 lilii,
779 761 854 812 dolo.

64 831 192 896 Namque
202 829 226 878 is
236 828 379 895 pollicitus
389 836 433 881 est
443 833 511 898 rogi,
521 846 551 882 so
562 829 854 894 euminterfecturuua,
886 891 888 899 Α

64 900 88 950 si
99 901 125 950 ei
136 911 189 949 rex
198 901 388 966 permitteret,
404 905 448 963 ut,
468 895 660 969 quodcumque
675 900 773 962 vellet,
791 899 855 950 lica-

63 973 109 1020 ret
119 971 235 1034 impune
245 967 351 1031 facere,
362 968 498 1038 iidemque
509 969 543 1022 de
554 985 589 1021 ea
604 985 650 1032 re,
665 983 743 1022 more
759 969 855 1020 Persa-

62 1053 142 1100 rma,
163 1037 263 1088 dextra
278 1037 406 1090 dedisset.
446 1039 471 1090 2
493 1041 619 1116 Hancut
634 1041 742 1104 accepit
756 1053 773 1088 a
787 1051 855 1106 rega
919 1071 921 1074 -

63 1109 193 1169 missam,
204 1109 296 1172 copias
306 1111 399 1174 parat,
411 1113 439 1158 et
449 1109 546 1160 absens
558 1109 706 1160 amicitiam
722 1123 783 1159 cum
797 1108 855 1160 Da·

64 1183 142 1230 tame
159 1175 245 1239 facit,
265 1178 339 1244 regis
354 1178 510 1242 provincias
523 1182 620 1240 vexat,
635 1177 752 1228 castella
770 1192 856 1244 expu-
923 1203 949 1246 4

63 1253 145 1315 goat,
166 1260 281 1312 magnas
295 1245 412 1312 praedas
427 1249 515 1314 capit,
540 1262 657 1316 quarum
672 1252 782 1314 partem
796 1249 855 1298 suis
891 1274 901 1294 0

65 1315 204 1384 dispertit,
215 1320 324 1382 partem
344 1315 380 1366 ad
399 1315 548 1368 Datamem
569 1318 665 1380 mittit3
688 1318 748 1384 pari
769 1317 853 1368 modo

63 1383 210 1451 complura
221 1385 342 1438 castello
356 1387 382 1438 ei
397 1387 491 1440 tradit.
528 1383 552 1438 3.
570 1387 649 1438 Haec
662 1385 709 1437 diu
724 1386 854 1438 iaciendo

63 1455 205 1524 persuasit
214 1453 330 1517 homiui,
349 1469 379 1506 se
389 1457 528 1508 inlinitum
539 1455 672 1507 adversus
687 1470 782 1522 regem
797 1469 855 1505 sus·

64 1525 170 1592 cepisse
182 1523 298 1588 bellum3
318 1539 401 1592 quum
417 1524 504 1576 nihilo
516 1527 617 1591 magis,
627 1540 662 1575 ne
674 1538 756 1590 quarn
768 1524 855 1588 suspi-
868 1579 872 1600 Ι

62 1596 174 1644 cionem
185 1593 227 1644 illi
237 1593 383 1659 praeberet
392 1595 569 1654 insidiarum,
580 1607 672 1660 neque
683 1591 853 1657 colloquium

62 1665 122 1716 eius
144 1661 256 1728 petivit,
275 1677 365 1731 neque
385 1664 414 1714 in
434 1667 613 1728 conspectum
628 1661 722 1711 venire
737 1659 854 1712 studuit.

61 1731 109 1785 Sic
123 1731 225 1784 absens
235 1733 384 1784 amicitiam
395 1733 523 1800 gerebat,
537 1735 634 1781 utnon
645 1730 785 1781 beneficiis
797 1743 855 1780 mu·

62 1804 132 1865 tuis,
148 1801 196 1853 sed
212 1801 276 1854 odio
291 1801 454 1866 communi,¹
463 1801 537 1872 quod
547 1815 614 1869 erga
623 1813 718 1868 regem
727 1813 854 1867 suscops·

61 1873 140 1934 rant,
150 1873 286 1924 contineri
301 1873 527 1936 viderenturst'g
555 1892 560 1900 ·

114 1941 164 1992 Xl.
184 1940 216 1991 ld
226 1956 310 2008 quum
322 1943 389 1993 satis
399 1955 430 1996 se
441 1943 620 1996 confirmasse
629 1939 782 2002 arbitratus
797 1944 856 2004 est,-

62 2011 212 2066 certiorem
224 2010 291 2062 iacit
301 2011 461 2074 Datamen,
475 1999 585 2080 teinpus
596 2025 669 2072 esse,
678 2011 798 2062 maiores
810 2025 855 2062 ex·
919 2056 924 2068 t

63 2083 167 2133 orcitus
178 2081 284 2146 parari,
295 2089 323 2132 et
334 2081 439 2132 bellum
450 2084 582 2158 eumjpso
594 2095 660 2148 rege
671 2081 789 2146 suscipi3
808 2079 854 2132 da·
894 2061 920 2104 ἡ

64 2165 116 2218 que
127 2163 162 2202 ea
171 2163 216 2212 re,
227 2151 251 2200 si
262 2151 289 2202 ei
298 2149 455 2213 videretur,
466 2165 521 2218 quo
531 2151 595 2203 loco
612 2149 710 2212 vellet,
725 2151 754 2200 in
769 2148 854 2200 collo·

62 2221 158 2288 quium
169 2220 285 2270 veniret.
320 2219 443 2272 Probata
452 2235 491 2282 rc,
503 2220 679 2287 colloquendi
689 2226 799 2285 tempus
810 2231 858 2268 su·

61 2291 163 2352 ruitur,
174 2288 322 2354 locusque,
334 2302 389 2356 quo
399 2291 601 2341 conveniretur.
624 2289 650 2340 2
668 2289 732 2340 Huc
743 2284 854 2338 Mithri-

62 2359 143 2410 dates
155 2371 218 2408 curn
234 2370 304 2419 uno,
318 2359 363 2410 cui
377 2359 527 2410 maximam
543 2358 663 2410 babebat
677 2357 772 2422 iidem,
788 2359 856 2414 anto

61 2429 172 2494 aliquot
182 2425 242 2494 dies
257 2429 345 2489 venit,
359 2427 604 2494 compluribusque
620 2426 688 2477 locis
702 2425 853 2490 separatim

62 2497 174 2565 gladios
190 2493 295 2556 obruit,
315 2511 404 2563 eaque
420 2497 646 2562 lucadiligenter
659 2498 747 2544 notat.
788 2493 853 2557 lpso
910 2521 914 2528 ι

63 2571 160 2624 autern
172 2560 351 2630 colloquendi
361 2567 406 2631 die
418 2567 541 2632 utrique,
557 2563 647 2614 locum
664 2563 710 2627 qui
727 2560 857 2626 explora·

64 2636 236 2697 rent,atquc
246 2633 322 2697 ipsos
331 2640 537 2695 scrutarentur,
548 2634 677 2682 mittunt.
718 2627 742 2678 3.
755 2627 853 2676 Dein·
911 2647 920 2660 ¹·

2 2698 5 2708 ’
67 2703 100 2756 tle
112 2701 166 2768 ipsi
176 2704 242 2768 sunt
251 2705 400 2770 congressi.
417 2703 472 2756 iiio
481 2717 565 2769 quum
577 2696 748 2764 aliquamdiu
759 2695 788 2744 in
799 2693 858 2743 col-
