2032 2962
300 101 484 176 rursu.
506 53 648 161 v-'vm
834 107 871 164 m

73 223 126 332 affl
136 205 345 347 Apollocrates,
365 208 411 262 eui
431 209 675 267 mulmamfidem
690 209 740 265 uui
749 207 871 268 babebat

128 295 189 332 on.
585 325 589 340 „

74 281 87 351 [
133 351 184 404 Vl.
206 349 267 401 llas
282 354 341 402 tam
354 343 508 417 prosperas
521 353 635 422 tamque
647 351 808 422 inopinatas
823 365 877 422 ree·

62 423 226 488 'consecuta
236 424 280 470 est
288 419 383 480 subita
393 422 586 485 commutatio,
603 422 676 490 quod
689 423 802 476 fortuna
817 437 869 475 sua

72 490 245 552 mobilitate,
260 488 448 558 quempaullo
458 495 524 542 ante
536 491 690 554 extulerat,
705 491 868 560 demergere
930 509 940 529 i

73 565 117 614 est
128 559 237 611 adoris
256 559 281 611 2.
292 559 416 610 Primum
426 561 455 610 in
464 559 532 622 lilio,
543 560 644 629 dequo
656 564 869 614 commemorari

72 641 173 696 supra,
183 631 472 682 suamvim-exercuit.
510 629 582 682 Nam
599 645 683 699 quum
699 643 814 683 uxorem
825 645 867 684 rc·

75 696 214 761 duxisset,
225 711 297 766 quae
310 700 358 751 alii
369 698 464 751 iuerat
479 699 600 762 tradita,
620 700 764 768 liliumque
778 700 870 755 vellet
889 751 894 757 .

68 769 255 821 remearem
264 769 395 824 virtutem
406 785 423 820 a
432 771 543 836 perdita
552 770 680 834 luxuria,
691 769 798 836 accepit
807 783 869 837 gra·
921 765 927 784 ’

73 839 218 890 vissimum
228 840 439 904 pareusuulnus
450 844 541 892 morte
552 840 610 890 filii.
639 835 664 890 3.
683 837 793 890 Deinde
804 843 868 892 orta

75 907 212 960 dissensio
223 913 266 959 est
275 909 349 960 inter
356 905 705 978 eumetlleraclidem,p'ui,
712 906 786 976 quod
793 909 866 974 prin·

61 975 196 1044 'cipetum
205 991 262 1027 nou
268 977 445 1042 concedebat,
456 979 606 1031 factionem
613 977 793 1045 compararit.
813 973 867 1030 Ne·

73 1047 163 1114 queis
178 1046 269 1118 minus
281 1047 396 1098 valebat
409 1047 481 1115 apud
492 1049 655 1115 optimates,
671 1063 790 1117 quorum
801 1060 865 1099 cou-

73 1129 158 1169 sensu
169 1122 300 1182 praeerat
311 1115 393 1169 classi
400 1153 408 1180 ‚
430 1133 514 1184 quum
525 1117 601 1168 Dion
616 1119 769 1170 exercitum
780 1117 865 1186 petie·

37 1202 45 1209 ·
73 1191 162 1237 strem
173 1191 291 1238 teneret.
314 1185 339 1239 4.
360 1186 423 1237 Non
434 1186 499 1238 tulit
510 1185 562 1238 hoc
571 1189 664 1239 animo
675 1203 708 1240 ae
727 1203 764 1239 uo
779 1187 866 1250 Dion,

74 1243 720 1331 etrersumillumllemeriretulitexsecubdar
740 1257 866 1338 speculis,

73 1326 103 1377 iu
114 1338 168 1393 quo
180 1323 250 1376 haec
259 1327 400 1378 sententia
411 1323 467 1378 est:
478 1327 540 1378 Non
549 1341 629 1395 posse
639 1327 711 1378 bene
721 1328 781 1394 geri
792 1343 863 1378 rem·

47 1449 49 1452 ,
73 1395 214 1462 publicam
224 1385 377 1448 multorum
388 1397 520 1463 imperiis.
557 1395 636 1460 Quod
649 1396 753 1448 dictum
764 1409 865 1464 inagna
926 1451 930 1470 ⁸

72 1464 179 1516 invidia
189 1470 338 1536 consecuta
349 1471 400 1518 est.
419 1467 544 1534 Namque
556 1467 698 1534 aperuisse
708 1464 871 1530 videbatur„

72 1536 170 1586 omnia
180 1535 209 1584 in
220 1539 272 1584 sm
281 1539 420 1600 potestate
432 1535 583 1604 esseuelle.
610 1533 640 1586 b.
659 1535 739 1586 Hauc
749 1533 798 1584 ille
808 1547 865 1586 non

72 1603 165 1656 lenire
177 1605 309 1670 obsequio
314 1641 323 1667 ,
334 1606 391 1658 sed
407 1605 561 1657 acerbitate
577 1604 734 1669 opprimere
747 1603 866 1668 studuit,

72 1673 324 1741 Heraclidemque,
348 1689 433 1743 quum
444 1673 597 1742 Syracusas
608 1673 743 1738 venisset,
757 1672 865 1728 interli-

41 1770 45 1776 ·
74 1743 352 1798 clendumcuravit.‹
612 1751 619 1768 ⁸

125 1813 185 1865 Vll.
208 1812 290 1875 Quod
305 1812 411 1869 laruam
422 1814 553 1878 omuibus
567 1813 718 1864 maximum
732 1813 864 1866 timorem

73 1883 180 1936 iniecit.
213 1881 304 1934 Nemo
316 1886 397 1947 euim,
407 1884 457 1936 ille
467 1882 631 1947 interfecto,
642 1897 673 1934 se
682 1887 774 1934 tutum
785 1888 864 1950 puta-

73 1953 130 2024 bat.
149 1952 202 2004 llle
213 1959 316 2014 autem,
327 1954 486 2022 adversario
498 1957 615 2015 remoto,
626 1952 863 2009 licentiuseorum

57 2027 60 2030 '
75 2023 159 2085 bona,
166 2035 238 2090 quos
245 2022 350 2075 sciebat
356 2022 488 2091 adversus
494 2039 524 2076 se
534 2023 801 2086 sensisse‚militibus
811 2023 865 2074 dis·

74 2094 200 2160 pertivit.
235 2089 261 2144 2.
277 2091 384 2154 Quibus
395 2093 497 2156 divisis,
516 2103 601 2163 quum
613 2089 865 2168 quotidianiqrasi·

74 2163 113 2213 mi
126 2163 232 2216 lierent
243 2167 364 2225 sumtus,
375 2161 504 2214 celeriter
519 2165 636 2230 pecunie
646 2163 743 2215 deesse
759 2163 865 2228 coepit3

73 2247 173 2301 neque,
186 2241 345 2299 quomanus
350 2234 514 2300 porrigeret,
523 2234 695 2300 suppetebat,
705 2234 792 2284 nisiin
798 2232 866 2282 ami·

72 2316 172 2354 corum
184 2301 384 2368 possessiones.
419 2302 451 2353 ld
466 2301 624 2354 huiusmodi
640 2307 768 2365 erat‚ut,
779 2315 865 2368 quum

70 2371 178 2422 milites
189 2371 410 2434 reconciliasset,
421 2373 564 2424 amitteret
573 2373 729 2438 optimates.
748 2369 773 2422 3.
792 2368 865 2431 Qua·

69 2454 135 2492 rum
146 2451 245 2490 rerum
255 2441 322 2491 cura
331 2439 528 2508 frangebatur,
545 2445 574 2492 et
586 2442 713 2490 insuetus
726 2437 800 2490 male
816 2453 864 2490 au-

69 2509 167 2562 diendi
179 2521 336 2576 nonaeque
352 2511 444 2560 animo
460 2508 582 2570 ferebat,
596 2508 631 2559 de
647 2521 677 2557 se
693 2507 776 2557 abiis
791 2505 867 2559 male

69 2577 239 2638 existimari,
245 2592 362 2645 quorum
372 2578 467 2643 paullo
477 2583 542 2628 aute
552 2579 581 2626 in
591 2575 701 2627 eoelum
712 2575 865 2627 luerutela-

67 2654 117 2700 tus
127 2645 269 2700 laudibus.
279 2646 389 2714 Vulgus
398 2653 502 2709 autem,
513 2643 621 2696 offensa·
630 2645 659 2693 ln
670 2657 734 2694 eum
744 2643 865 2694 militum

67 2718 229 2776 voluntate,
240 2713 356 2784 liberius
366 2716 588 2785 loquebaturfft
597 2715 749 2782 tyrannum
759 2724 815 2764 non
825 2706 869 2757 fe·

69 2785 193 2842 reudum
204 2780 359 2838 dictitabat.
510 2801 513 2808 ·
