2054 2956
156 63 212 130 ,ei
290 59 848 117 xv,uPAM1NoNohs.v-vii
891 133 894 141 „

174 185 234 222 eum
254 165 381 220 uniuersa
404 165 522 220 Graecia
531 164 583 218 >cix
598 164 685 217 elecem
701 165 781 217 annis
794 181 878 218 unam
892 168 964 238 cepit

174 238 283 298 urberm·
304 253 353 306 ege
362 243 460 287 centra
468 248 500 286 eu
511 251 566 287 una
576 233 642 286 urbe
652 243 747 286 nestra
758 235 851 303 dieque
861 252 916 288 eree
927 247 964 290 te·

175 318 232 362 tem
246 305 405 368 Graeciam,
413 302 768 376 decerniminiiefiigata,
780 304 904 357 liberavi.

227 375 273 428 Vl.
292 375 369 426 lxlcm
379 390 464 442 quum
474 375 501 424 in
513 370 677 426 conventum
687 375 808 425 venisset
815 375 963 439 Arcadum,
1007 394 1011 445 r

174 451 285 516 petens,
295 450 327 495 nt
336 445 497 498 societatem
511 460 573 496 euni
585 442 725 495 Thebanis
735 447 763 496 et
772 445 882 512 Argivis
894 445 963 498 face·
1011 475 1013 510 3

175 521 249 567 rent:
262 518 416 582 contraque
428 513 615 576 Callistratus,
625 511 834 567 Atheniensium
845 513 964 582 legatus,

175 585 222 653 qui
233 583 394 650 eloquentia
403 597 500 635 omnes
511 597 544 635 eo
555 584 716 651 praestabat
726 588 859 650 tempere,
870 591 964 650 pestu-

174 653 256 716 laret,
267 658 298 702 ut
308 653 401 719 petius
410 652 558 704 amicitiam
568 657 751 720 sequerentur
760 655 925 716 Atticorum,
936 658 964 706 et

173 725 203 775 in
215 723 343 776 eratione
353 737 406 782 sua
415 722 503 772 multa
514 724 638 787 intectus
651 728 725 774 esset
734 723 764 772 iu
773 721 924 776 Thebanos
936 729 964 775 et

174 795 305 862 Argivos,
315 793 344 843 in
355 787 670 860 eisque'hecposuisset,
680 791 905 845 animadvertere
917 793 962 844 de-

84 895 86 898 ·
173 862 241 915 bere
250 861 381 924 Arcadas,
392 859 488 929 quales
499 866 617 929 utraque
628 861 725 912 civitas
737 862 810 918 cives
821 875 962 928 procreas-

173 938 230 996 set,
244 932 387 998 exquibus
399 931 432 982 de
443 932 543 983 ceteris
558 931 822 1000 possentiudieare:
846 932 963 998 Argivos

174 1003 247 1053 enim
268 1001 352 1052 luisse
372 1000 501 1053 Orestem
521 1005 550 1051 et
559 1000 767 1065 Alcmaeonem,
786 1001 963 1064 matricidas3

173 1069 277 1123 Thebis
288 1069 424 1136 Oedipum
437 1075 541 1132 natum,
553 1072 608 1138 qui,
619 1086 703 1138 quum
714 1076 825 1138 patremv
832 1085 913 1122 suum
924 1072 964 1120 in·
981 1072 984 1086 ⁴
1014 1121 1015 1124 ,

172 1139 345 1200 terfeeisset,
356 1153 390 1190 ex
402 1144 491 1190 matre
501 1139 605 1191 liberos
616 1145 805 1206 procreasset:
830 1139 854 1194 3.
879 1137 962 1192 blein

172 1207 368 1275 respondendo
379 1207 600 1275 Epaminondas,
617 1225 702 1277 quum
716 1211 751 1261 de
767 1211 867 1262 ceteris
884 1224 962 1276 pero-

173 1282 271 1341 resset,
278 1282 424 1344 postquam
435 1277 470 1328 ad
480 1278 531 1330 illa
541 1279 597 1344 duo
609 1279 759 1348 opprobria
769 1281 904 1347 pervenit,
916 1281 961 1331 ad·

173 1348 269 1399 mirari
279 1362 308 1398 se
323 1346 394 1397 dixit
412 1346 560 1398 stultitiam
579 1346 701 1400 rhetoris
720 1351 817 1412 Attici,
838 1350 884 1418 qui
904 1363 973 1400 non·

174 1415 418 1479 animadverterit,
427 1418 590 1469 innocentes
601 1417 664 1468 illos
676 1425 770 1483 natos3
789 1419 864 1470 domi
876 1419 962 1472 scele-

173 1485 348 1549 readmisse,
364 1499 447 1552 quum
463 1488 555 1553 patria
576 1495 669 1540 essent
687 1488 809 1556 expulsi,
834 1495 980 1555 receptosv

174 1571 234 1610 csse
245 1555 279 1606 ub
289 1553 511 1613 Atheniensibus.
529 1557 555 1608 4.
567 1555 621 1614 Sed
633 1560 752 1617 maxime
763 1557 962 1625 eiuseloqucn-

173 1627 213 1678 tia
224 1625 312 1678 eluxit
323 1623 450 1692 Spartae,
462 1625 548 1694 legati
559 1633 624 1683 ante
639 1643 759 1697 pugnam
774 1629 962 1680 Leuctricam.

174 1695 236 1759 Quo
253 1709 337 1763 quum
355 1697 478 1762 omnium
494 1698 635 1749 sociorum
654 1699 847 1753 convenissent
860 1697 964 1766 legati,

174 1780 269 1818 ceram
279 1764 505 1831 frequentissimo
516 1766 687 1834 legationum
699 1772 836 1820 contentu
852 1769 893 1818 sic
908 1767 963 1818 La·

174 1834 416 1886 cedeemeniorum
427 1835 605 1901 tyrannidem
616 1837 753 1904 coarguit,
765 1843 861 1888 utnon
871 1837 964 1888 minus

97 1917 98 1922 ¹
173 1901 223 1955 illa
232 1905 358 1968 eratione
369 1917 543 1970 opeeeorum
555 1905 736 1968 concusserit,
744 1921 826 1973 quam
835 1907 965 1958 Leuctri-

173 1985 206 2024 ca
216 1986 317 2040 pugna.
355 1973 427 2025 Turn
439 1974 511 2024 enim
524 1973 651 2040 perfecit,
662 1976 737 2044 quod
749 1983 811 2042 post
822 1977 965 2042 apparuit,

172 2047 206 2092 ut
215 2041 319 2094 auxilio
330 2043 467 2094 sociorum
479 2043 694 2099 Lacedaemonii
704 2041 890 2114 privarentur.

224 2110 287 2164 Vll.
315 2110 414 2163 Fuisse
430 2115 583 2178 patientem
601 2130 770 2184 suorumque
785 2116 903 2169 iniurias
924 2113 965 2168 le·

173 2183 280 2233 rentem
301 2181 415 2244 civium,
435 2183 509 2252 quod
526 2197 556 2235 se
572 2186 679 2252 patriae
699 2185 781 2236 irasci
801 2184 882 2250 nefas
901 2200 964 2238 csse

127 2257 132 2264 '
172 2249 629 2314 duoeret‚haecsunttestimonia.
666 2255 758 2318 Quum
769 2269 832 2306 eum
848 2260 965 2322 propter

171 2319 303 2372 invidiam
313 2321 387 2373 cives
398 2324 548 2388 praeficere
560 2325 695 2376 exercitui
706 2309 875 2387 noluissent,
893 2325 964 2392 dux-

172 2403 226 2456 que
238 2397 312 2444 esset
322 2389 447 2443 delectus
462 2391 528 2444 belli
544 2394 705 2459 imperitus,
721 2393 799 2444 cuius
815 2407 912 2446 errore
928 2408 965 2446 eo

172 2465 247 2512 esset
257 2460 375 2514 deducta
386 2459 593 2528 res[militum],
604 2466 636 2514 ut
646 2473 742 2513 omnes
753 2462 787 2513 de
798 2462 889 2514 salute
901 2479 966 2530 per-

171 2529 361 2594 timescerent,
383 2531 457 2598 quod
469 2531 593 2583 locorum
605 2532 741 2598 angustiis
758 2529 845 2582 clausi
861 2533 897 2584 ab
913 2531 965 2584 ho-

171 2599 260 2649 stibus
278 2600 488 2655 obsidebantur:
511 2599 665 2654 desiderari
681 2604 779 2666 coepta
796 2606 838 2651 est
852 2601 965 2666 Epami.

173 2665 280 2722 neudae
292 2669 446 2738 diligentia.
481 2668 552 2720 'Erat
563 2669 636 2722 enim
652 2669 690 2720 ibi
700 2671 824 2738 privatus
839 2685 964 2726 numero
