2054 2956
168 86 218 146 112
298 85 396 142 uxr.
415 63 820 141 nr¹r1cvs.v111.1x.

162 189 293 258 pensione
304 192 436 244 disiectus
451 194 502 242 est.
538 189 563 243 5.
583 189 682 258 Neque
700 188 790 262 multq
801 194 866 256 post
875 205 959 261 supe-

163 263 223 314 rior
232 277 293 314 esse
313 261 567 328 coepitrlntonins,
586 261 628 311 ita
637 265 669 311 ut
678 259 783 312 Brutus
794 267 823 312 et
833 255 959 327 cassius,
1012 299 1013 332 ,

163 333 382 400 provinciarum,
402 345 474 398 quae
490 331 524 381 iis
538 331 613 381 neeis
629 345 715 382 causa
735 329 816 382 datae
837 337 920 396 erant
940 348 959 385 a
1012 339 1013 400 i

165 402 339 464 consulibus,
349 400 504 468 desperatis
514 399 611 462 rebus,
620 399 787 470 inexsilium
799 402 957 467 proticisce·
1012 401 1013 480 l

164 477 271 524 rentur.
307 471 332 522 6.
351 471 472 532 Atticus,
511 471 539 520 ui
550 471 694 535 pecuniam
706 470 789 520 simul
804 485 866 521 oum
882 476 957 522 oete·
1012 481 1013 510 l

164 541 205 594 ris
215 539 345 592 conferre
354 540 486 592 noluerat
493 485 607 592 furenti
618 540 660 590 illi
671 541 755 605 parti,
765 540 872 591 abieoto
883 539 957 590 Bru·
970 537 974 540 ’

164 617 195 664 to
218 611 299 662 ltalia
319 625 353 662 ue
373 609 484 662 'cedenti
505 607 582 662 LLS.
603 615 713 661 centum
733 609 822 660 millia
842 612 956 662 muneri

165 681 262 734 misit..
308 681 380 730 idem
391 681 419 729 in
431 679 517 746 Epiro
529 679 628 730 absens
642 683 770 731 trecenta
783 679 863 729 iussit
877 680 955 744 dari3

164 765 255 820 neque
266 765 299 804 co
309 750 397 816 magis
407 743 514 815 potenti
524 747 656 800 adulatus
666 754 709 801 est
718 749 852 812 Antonio,
862 763 955 818 neque

165 821 326 886 desperatos
337 817 459 886 reliquit
771 873 775 880 Ι

217 891 264 942 lX.
284 888 416 941 Secutum
428 891 471 939 est
480 884 585 939 bellum
600 892 710 956 gestum
720 887 794 955 apud
805 887 955 940 Mutinam.
972 913 976 918 ·

165 961 266 1028 inquo
287 959 310 1008 si
330 963 440 1009 tantum
458 971 522 1008 eum
540 957 707 1024 prudentem
728 959 832 1020 dicam,
852 959 955 1021 minus,

164 1045 245 1098 quam
257 1028 386 1091 debeam,
396 1026 567 1093 praedicem,
585 1043 670 1095 quum
681 1027 729 1080 ille
739 1030 832 1095 potius
842 1027 954 1079 divinus

161 1099 262 1151 fuerit:
280 1099 304 1148 si
315 1097 447 1148 divinatio
459 1097 626 1162 appellanda
636 1102 679 1150 est
689 1103 824 1165 perpetua
839 1102 955 1148 natura·

129 1209 132 1214 .
163 1169 198 1220 lis
209 1169 334 1231 bonitas,
345 1181 417 1234 quae
427 1165 512 1216 nullis
522 1167 630 1218 casibus
641 1183 730 1236 neque
741 1168 845 1235 agitur,
862 1181 954 1234 neque

113 1260 118 1270 r
163 1239 306 1289 minuitur.
341 1237 367 1286 2.
388 1235 486 1286 Hostis
497 1237 634 1288 Antonius
648 1237 785 1288 iudicatus
797 1236 879 1288 ltalia
896 1252 954 1288 ces-

163 1311 253 1370 serat3
264 1318 327 1372 spes
336 1305 504 1356 restituendi
513 1305 591 1356 nulla
602 1311 670 1358 erat.
690 1305 753 1358 Non
762 1301 853 1357 'solum
866 1305 953 1372 [eius]

162 1377 281 1440 inimici,
299 1377 347 1442 qni
357 1380 415 1426 tum
427 1380 510 1426 erant
520 1373 705 1441 potentissimi
717 1381 746 1428 et
756 1375 881 1444 plurimi,
902 1375 954 1427 sed
1012 1393 1013 1440 q

164 1448 262 1510 etiam,
276 1446 329 1512 'qui
339 1445 506 1496 adversariis
517 1446 577 1496 eius
591 1459 621 1498 se
636 1445 752 1509 dabant,
773 1447 840 1497 etin
850 1458 884 1496 eo
895 1443 953 1496 lae·

162 1517 255 1568 dendo
276 1515 396 1583 aliquam
420 1520 618 1566 consecuturos
638 1513 691 1582 [se]
711 1515 860 1581 sperabant
880 1529 953 1565 eom·

154 1586 382 1648 mendationem,
405 1585 520 1636 Antonii
544 1584 697 1646 familiares
721 1585 953 1652 insequebantum

164 1671 280 1708 uxorem
290 1655 417 1707 Fulviam
429 1654 556 1708 omnibus
566 1655 650 1706 rebus
662 1655 783 1720 spoliare
794 1655 953 1722 cupiebant,
1012 1689 1013 1698 ,

92 1765 96 1784 ,
163 1725 269 1777 liberos
298 1727 381 1776 etiam
403 1724 582 1792 exstinguere
595 1725 754 1792 parabant.
791 1722 816 1776 3.
834 1724 953 1790 Atticus,

93 1827 96 1834 ·
164 1809 248 1863 quum
260 1793 400 1846 Ciceronis
411 1795 510 1846 intima
520 1793 712 1846 familiaritate
723 1798 865 1855 uteretur,
886 1793 953 1842 ami-

163 1866 375 1916 cissimus'esset
385 1863 488 1925 Brute,
509 1863 657 1928 non-modo
668 1860 737 1913 nihil
746 1863 781 1912 iis
790 1861 906 1913 indulsit
916 1859 954 1912 ad

164 1931 314 1986 Antonium
333 1931 506 1994 violandum,
530 1932 579 1984 sed
600 1933 776 1984 econtrario
798 1931 953 1983 familiares
1012 1961 1013 1994 ,

163 2005 223 2056 eius
234 2017 270 2055 ex
283 2003 352 2054 urbe
368 2000 574 2069 profugientes,
595 2005 731 2070 quantum
747 2001 851 2070 potuit,
870 2000 952 2062 texit,
1012 1999 1013 2064 l

163 2073 262 2142 quibus
272 2073 354 2128 rebus
364 2071 557 2140 indiguerunt,
573 2071 687 2125 adiurit.
722 2071 748 2123 4.
767 2068 951 2122 P.'reroVo·
1012 2103 1013 2106 κ

163 2143 269 2194 lumnio
281 2155 314 2193 ea
325 2141 436 2204 tribuit,
456 2147 489 2193 ut
499 2141 582 2208 plura
591 2157 608 2192 a
618 2146 735 2209 parente
745 2137 883 2208 proficisci
894 2153 952 2190 nou

163 2211 313 2280 potuerint.
349 2213 404 2279 lpsi
417 2216 509 2263 autem
522 2210 651 2275 Fuluiae,
671 2226 755 2280 quum
767 2209 862 2262 litibus
873 2208 952 2259 disti·

163 2287 278 2334 neretur
289 2283 450 2349 magnisque
464 2281 619 2333 terroribus
629 2285 791 2343 vexaretur,
801 2281 880 2330 tanta
889 2275 951 2328 dili·

163 2351 258 2418 gentia
269 2349 390 2402 officium
402 2366 481 2401 suum
493 2351 648 2418 praestitit,
668 2354 701 2401 ut
714 2348 822 2400 nullum
838 2346 889 2398 illa
901 2339 953 2398 sti·
987 2385 991 2390 .

164 2420 232 2472 terit
240 2419 426 2471 vadimonium
438 2421 497 2473 sine
511 2420 618 2484 Attico,
638 2417 684 2469 hic
697 2432 814 2484 sponsor
829 2416 955 2468 omnium

163 2503 258 2542 rerum
273 2487 367 2540 fuerit.
402 2486 432 2539 5,
446 2489 519 2550 Quin
539 2488 639 2552 etiam,
659 2503 744 2556 quum
765 2486 814 2538 illa
835 2485 955 2538 fundum
1012 2527 1013 2536 ,

163 2557 286 2608 secunda
297 2557 412 2608 fortuna
422 2559 535 2609 emisset
546 2557 574 2607 in
590 2557 678 2620 diem,
698 2572 787 2624 neque
802 2561 867 2622 post
881 2555 956 2619 cala·

163 2625 290 2678 mitatem
306 2641 450 2678 versuram
467 2625 559 2692 facere
570 2629 719 2693 potuisset,
731 2626 780 2678 ille
791 2641 821 2676 se
831 2626 955 2692 interpu-

165 2693 223 2752 rult
233 2696 433 2766 pecuniamque
448 2695 508 2750 sine
518 2693 622 2751 fenore
634 2696 747 2768 sineque
763 2693 824 2748 ulla
837 2695 956 2766 stipula·
1012 2729 1013 2820 q

878 2799 909 2825 ο
1012 2827 1013 2840 l
