2054 2956
988 47 1016 78 κ

113 117 116 129 “
202 111 734 194 xx111.}{aNN113nn.tl.111.
823 115 858 168 ot

61 213 335 292 potentissimutrcx
344 209 494 268 Antiochus
506 217 566 268 fuit.
602 219 858 287 Hunctantacupi-

62 291 154 343 ditate
165 285 288 338 incendit
298 285 435 350 bellandi,
455 293 584 356 utusque
595 303 613 340 a
626 289 712 341 rubro
729 289 799 340 mari
814 305 857 342 al·-

62 375 111 412 ma
123 359 244 409 vconatus
260 357 298 406 sit
311 354 417 408 inferre
430 357 537 409 ltaliae.
574 357 598 410 2.
616 359 658 412 Ad
675 374 755 427 quem
773 375 862 427 quum

64 428 154 497 legati
163 427 305 478 venissent
325 425 455 488 Romani,
475 426 564 494 quide
581 429 639 478 eius
653 429 799 480 voluntate
812 445 858 481 cx·

64 498 228 567 plorarent,
244 494 523 562 darentquecp'eram
536 497 657 548 consiliis
668 496 857 564 clandestinis,

64 573 98 620 ut
117 564 307 617 Hannibalem
329 565 358 614 in
383 567 568 633 suspicionem
594 567 654 634 regi
679 563 857 634 adducerent,
933 585 937 594 ’

8 673 9 678 ,
63 643 208 703 tamquam
220 634 254 684 ab
266 634 333 700 ipsis
344 639 503 700 corruptum
515 635 583 697 clia,
597 641 680 703 atque
692 641 787 699 antea,
797 651 858 689 sen·

64 709 135 768 iire3
155 718 245 770 neque
264 703 294 753 id
312 702 418 754 frustra
442 703 584 767 fecissent,
609 705 691 773 idque
715 706 858 761 Hannibal

66 774 261 840 comperisset,
282 787 367 840 seque
387 773 422 822 ab
441 775 619 829 interioribus
632 773 857 843 consiliissegre-

65 845 128 913 gari
138 841 264 893 vidisset:
282 839 307 893 3.
319 849 446 908 tempore
457 843 523 893 dato
533 844 603 894 adiit
612 844 648 896 cd
658 859 751 911 regem
758 881 767 908 ,
777 847 857 914 eique

66 927 152 982 quum
163 911 254 962 multa
263 910 298 963 dc
308 911 363 962 ilde
374 926 425 962 sua
435 917 465 963 ot
476 913 539 964 odio
550 915 579 964 in
591 915 730 966 Romanos
739 929 857 968 comme·

65 986 219 1043 morasset,
230 978 282 1031 boc
293 981 433 1031 adiunxit:
452 980 556 1046 Pater,
571 985 675 1051 inquit,
696 999 782 1048 meus,
800 983 859 1037 Hu·
943 995 949 1004 ·

65 1051 177 1114 miicar,
184 1051 300 1118 puerulo
311 1065 366 1114 me,
379 1058 474 1116 utpote
484 1067 537 1104 non
546 1067 588 1104 um
609 1053 660 1105 lius
671 1069 763 1106 nocem
774 1057 869 1106 atenot‘

65 1129 145 1183 nuto,
153 1119 185 1172 in
195 1117 359 1186 Hispaniam
369 1117 518 1190 insuperator
525 1069 699 1191 proficiscens
711 1119 859 1192 Contingi-

64 1210 112 1254 ne,
123 1189 183 1243 leci
192 1187 292 1257 optimo
302 1187 419 1240 manium
430 1187 532 1242 boetius
541 1191 700 1246 immolavit.
734 1193 761 1246 l.
782 1192 859 1257 Quae

66 1260 158 1314 diuino
169 1275 212 1312 tet
223 1259 285 1310 dum
295 1256 502 1327 conficiebatur,
512 1261 645 1329 qnaesivit
654 1279 671 1314 a
681 1279 736 1328 me,
754 1265 859 1316 sellem·

66 1349 99 1384 ne
109 1344 198 1382 cecum
209 1327 238 1382 in
247 1337 340 1381 cestre
346 1327 504 1398 proficisci?
521 1329 556 1382 Id
562 1347 644 1412 quum
655 1331 769 1385 libenter
785 1349 859 1385 occe·

63 1401 176 1470 piscem,
196 1406 277 1464 atqtte
288 1396 322 1450 ab
339 1413 369 1449 eo
383 1407 478 1467 petere
492 1416 648 1468 coepissem,
669 1419 702 1454 ne
718 1401 859 1455 dubitaret

67 1469 181 1527 ducere,·
209 1475 267 1516 tum
284 1466 344 1528 itte,
359 1467 484 1538 faciem,
510 1469 614 1538 inquit,
634 1470 659 1522 si
672 1469 757 1540 fldem
774 1470 857 1536 mibi,

66 1553 147 1608 quum
154 1537 276 1602 postulo,
295 1531 406 1587 dederit.
444 1537 531 1590 Simul
539 1555 580 1592 me
590 1539 627 1594 nd
640 1555 718 1592 erent
732 1539 858 1603 adduxit,

66 1606 143 1677 apud
155 1618 236 1672 quam
250 1603 408 1672 sncnficote
423 1605 598 1673 instituerat,
617 1625 741 1676 eumque,
755 1610 858 1663 'ceteris

66 1673 191 1736 remotis,
214 1678 348 1726 tenentem
372 1673 467 1729 iurare
485 1676 578 1740 iussit,
600 1681 749 1760 'nunnpuunt
768 1679 859 1734 mein

66 1739 191 1799 solicitis
202 1757 261 1794 cum
271 1739 482 1816 Romunissore.
517 1745 543 1800 5.
561 1747 598 1799 Id
605 1765 654 1818 ego
667 1746 858 1803 iusiurandum

9 1827 10 1830 ’
62 1814 142 1886 putri
162 1813 256 1865 dotum
268 1827 354 1880 ,usque
368 1814 406 1866 aa
418 1813 487 1869 dunc
498 1821 618 1869 aetutem
630 1817 672 1870 ita
691 1818 857 1886 conservavi,
919 1863 923 1868 .

66 1894 98 1937 ut
107 1882 209 1938 centini
219 1881 329 1935 dubium
344 1898 400 1936 este
415 1885 522 1950 debeat,
541 1885 608 1954 quin
620 1885 724 1956 reliquo
738 1896 857 1958 tempore

67 1955 157 2008 eodem
170 1953 317 2005 mentetim
325 1953 455 2026 futurus.
490 1955 515 2007 6.
536 1956 644 2021 Quare,
662 1957 687 2010 ti
697 1957 764 2028 quid
771 1959 858 2013 amice

67 2021 237 2077 deliomunic
254 2022 402 2092 cogitabis,
420 2035 474 2078 non
496 2023 681 2094 imprudenter
693 2029 814 2103 seceris,
832 2028 859 2082 ei

66 2092 232 2154 intulerim
260 2107 342 2162 quum
358 2093 464 2160 quidem
479 2093 710 2166 dellumpnrcdis,
730 2098 857 2167 teipsum

9 2195 11 2230 ,
62 2161 260 2234 frustraberis,
287 2163 314 2216 ei
327 2181 368 2218 nee
382 2183 436 2222 non
450 2162 481 2218 in
491 2181 520 2216 eo
527 2165 681 2235 principem
687 2167 820 2236 potueris.

9 2249 10 2262 ¹
118 2233 165 2284 lll.
182 2231 246 2284 Hac
255 2233 353 2300 igitur,
374 2247 429 2302 qua
441 2233 574 2298 diximus,
593 2240 687 2289 aetate
698 2253 760 2290 cum
774 2243 857 2304 patre

65 2301 93 2352 in
113 2301 279 2367 Hispaniam
298 2301 442 2369 profectus
463 2307 519 2355 estc
548 2305 626 2357 cuius
651 2311 716 2372 post
740 2306 857 2370 obitum,

65 2369 241 2422 Hasdrubale
259 2372 429 2440 imperatore
454 2371 586 2439 suffecto,
616 2377 752 2445 equitatui
780 2375 856 2428 onmi

9 2441 12 2474 ¹>
65 2439 216 2510 praefuit..
232 2440 295 2492 Hoc
314 2455 425 2510 quoquc
439 2442 606 2509 interiecto,
627 2446 766 2514 exercitus
781 2461 855 2498 sum·

64 2524 138 2562 mam
148 2509 257 2577 imperii
268 2510 303 2562 ad
319 2525 384 2563 eum
399 2511 511 2566 detulit.
547 2515 579 2568 ld
597 2511 792 2582 Carthaginem
808 2513 856 2568 de·

65 2578 152 2630 latum
170 2579 280 2645 publice
295 2579 506 2648 comprobatum
521 2589 572 2635 est.
609 2583 634 2634 2.
653 2581 699 2635 Sic
713 2581 857 2637 Hannibal

65 2647 155 2700 minor
165 2649 285 2716 quinque
296 2655 325 2700 et
338 2652 436 2718 viginti
452 2653 532 2704 annis
547 2655 629 2704 notus
647 2651 802 2720 imperator
817 2652 855 2703 fa-

66 2721 128 2840 ιῒιέε
137 2717 262 2841 ρποιΙίἆηο
273 2718 393 2774 triennio
405 2731 501 2774 omnes
511 2721 768 2843 gentcslgispanieo
778 2720 854 2775 bello

123 2799 188 2842 tuti.
230 2799 273 2840 ΕΡ.

8 1307 10 1350 l
