2054 2956
121 143 126 150 »
227 175 229 180 ,
319 82 602 168 maroneum.
812 109 860 166 rar

73 213 160 268 ruisse
176 213 264 266 totius
275 211 374 266 domus
384 223 452 266 suae
463 215 491 266 in
502 213 597 267 Coelio
608 219 703 268 monte
714 214 862 268 Cornelius
880 236 886 242 ·

72 285 163 352 Nepos
173 283 289 336 tradidit
298 284 480 348 Mamurram,
494 285 613 337 Formiis
624 290 728 350 natum,
740 284 861 352 equitem

70 353 235 417 Romanum,
246 350 421 421 praefectum
431 352 540 406 fabrum
553 355 581 410 C.
590 356 716 407 Caesaris
726 358 756 406 in
767 354 860 406 Gallia

72 429 123 477 etc.
145 423 256 477 Adiecit
265 422 339 474 idem
349 421 452 490 Nepos,
464 438 526 475 eum
537 426 656 490 primum
668 425 735 476 totis
745 424 862 476 aedibus

70 491 185 557 nullam,
195 494 248 544 nisi
258 508 274 545 e
286 507 434 556 marmore,
445 493 603 544 columnam
614 491 753 558 habuisse,
764 509 861 548 omnes
921 497 935 506 “

70 562 174 616 subdas
185 579 200 614 e
212 563 349 630 Carystio,
360 567 410 614 aut
419 561 551 614 Lunensi.
569 562 643 615 Idem
654 561 697 627 36,
706 563 732 615 d.
743 579 764 615 r.
775 563 800 615 ⁷.

19 692 23 696 ,
115 631 205 684 ,dedis
215 632 316 684 Martis
331 637 374 684 est
388 633 418 683 in
428 634 503 684 circo
513 631 651 684 Flaminio
663 631 818 686 architecta
827 633 863 686 ab

71 700 864 774 HermodoroSalaminioPrirciarel.8.p.7d2.edPetrch.
907 757 911 760 .

123 769 186 824 Non
197 770 315 839 amplius
326 777 371 824 ter
379 773 475 826 bibere
485 775 640 840 Augustum
652 773 767 824 solitum
778 785 864 839 super

72 855 196 905 coenam,
206 842 234 894 lu
246 843 346 894 castris
355 843 428 910 apud
439 843 589 907 Mutinam,
610 841 756 896 Cornelius
766 840 863 910 Nepos
875 877 876 880 =

71 911 165 964 tradis.
189 911 299 964 Sueten.
311 910 383 982 Aog.
393 928 416 964 c.
427 913 470 965 ⁷⁷.

123 979 156 1032 ln
167 986 292 1034 extrema
297 981 460 1035 Britanniae
470 985 550 1050 parte
559 980 691 1046 Memma,
702 996 785 1051 quam
797 979 864 1032 Gor·

70 1047 162 1103 aelius
182 1051 280 1113 etlam,
299 1049 448 1102 Annalium
469 1053 603 1120 scriptor,
624 1059 721 1120 narrat
740 1051 864 1114 metallis

70 1117 199 1188 plurimis
209 1120 364 1186 copiosam,
386 1119 478 1173 herbis
489 1121 679 1190 frequentem,
700 1121 780 1174 ethis
792 1120 864 1173 fera-

71 1189 173 1242 ciorem
187 1189 322 1253 omnbus,
337 1192 402 1258 quia
413 1205 515 1257 pecora
525 1193 622 1260 magis,
634 1207 716 1262 quam
727 1191 864 1256 homines,

71 1258 138 1312 alat.
173 1259 320 1314 Labi-vero
330 1275 381 1328 per
391 1276 452 1314 eam
464 1261 553 1314 multa
564 1276 645 1330 quam
657 1264 779 1314 maxima
787 1260 864 1313 rela-

70 1327 155 1398 bique
166 1327 300 1393 humina,
329 1345 452 1400 gemmas
470 1333 693 1402 margaritasque
710 1331 863 1386 volventia·

69 1397 220 1456 demandes
232 1400 263 1452 de
272 1398 352 1452 rebus
365 1399 497 1465 Gothicis,
507 1417 529 1454 c.
540 1403 566 1453 2.

191 1487 370 1586 Eprstola
393 1488 587 1562 Corneliae
607 1489 747 1580 matrab

369 1585 563 1647 Gracchorum.

121 1649 227 1720 Dices,
237 1652 365 1723 pulcrum
377 1670 438 1708 esse
453 1659 579 1710 inimicos
590 1656 695 1710 ulcisci
731 1647 762 1709 ld
773 1669 807 1708 ue

69 1726 169 1791 maius,
181 1741 270 1794 neque
282 1725 406 1792 pulcrius
417 1729 560 1796 cuiquam,
580 1733 665 1796 atque
675 1742 736 1780 esse
747 1725 815 1778 mihi
825 1742 865 1778 rr·

69 1797 166 1874 detqr3
185 1795 481 1918 serqqiliceatrepubl.
493 1797 619 1850 salva-ea
633 1799 771 1865 persequi.
808 1795 865 1850 Sed

69 1873 206 1934 quatenus
218 1868 226 1916 i
256 1858 318 1920 fleri
330 1881 385 1928 non
396 1868 498 1933 potest,
508 1866 596 1920 multo
607 1873 743 1934 tempore,
755 1867 865 1918 multis·

69 1951 124 2005 que
134 1937 260 2002 partibus
269 1937 375 1988 inimici
386 1939 475 1990 nostri
483 1952 540 1990 non
550 1939 694 2004 peribunt;
714 1943 744 1989 at
764 1938 864 2002 ue,uti

68 2011 228 2070 nuucsunt,
249 2011 332 2060 erunt
342 2007 434 2074 potius
440 2045 450 2073 ,
469 2022 553 2080 quam
564 2007 686 2077 respubl,
696 2023 748 2078 pro
771 2009 864 2080 'getur

68 2079 271 2145 atquepereat.
311 2112 312 2116 ,
677 2115 678 2120 κ

284 2149 430 2228 Eodem
450 2150 527 2224 eleb
543 2148 654 2223 Ioco:
701 2222 705 2228 .

120 2241 221 2296 Verbis
241 2249 383 2314 conceptis
402 2247 529 2304 deierare
548 2249 645 2312 ausim,
667 2250 863 2316 praeterquam

68 2313 117 2382 qui
127 2313 272 2366 Tiberium
285 2314 441 2370 Gracchum
452 2323 600 2381 necarunt,
620 2319 758 2370 neminem
774 2317 865 2373 inimi·

68 2399 134 2436 cum
144 2389 252 2436 tantum
264 2386 419 2451 molestiae,
428 2392 593 2456 tantumque
604 2385 717 2452 laboris,
728 2393 864 2456 quantum
884 2401 890 2405 ·
967 2358 983 2388 ⁵

69 2459 98 2505 te
118 2453 154 2504 ob
172 2451 224 2504 has
241 2469 305 2519 res,
332 2455 401 2508 mihi
419 2457 581 2517 tradidisse:
614 2473 696 2527 quem
715 2457 866 2526 oportebat

68 2522 196 2582 oninium
208 2537 313 2590 eorum,
332 2533 478 2595 quosante
487 2527 631 2584 habuerim
642 2528 758 2592 liberos,
776 2527 865 2595 partis

68 2607 169 2644 eorum
190 2593 321 2660 tolerare,
341 2602 425 2666 etque
446 2613 552 2662 curare,
571 2604 602 2651 ut
623 2613 705 2667 quam
720 2600 865 2651 minimum

67 2661 268 2718 sollicitudinis
279 2665 307 2716 in
318 2675 431 2721 senecta
440 2667 583 2734 haberem,
597 2671 703 2737 utique,
718 2677 865 2738 quaecum-

68 2745 125 2799 que
136 2747 244 2801 ageres,
265 2749 299 2790 ea
313 2737 400 2793 velles
413 2742 534 2795 maxime
549 2737 616 2794 mihi
635 2739 760 2810 placere:
779 2743 864 2808 atque
