2054 2956
204 139 732 196 xx111.l{ANNlBA1..v.vL
827 139 864 196 90

826 203 840 230 ,
931 201 938 210 ,

71 247 154 301 nullo
184 243 341 298 resistente.
377 245 409 298 lu
434 248 597 316 propinquis
621 247 707 297 urbia¹
721 245 863 299 montibus

10 359 11 366 ,
70 318 198 371 moratus
217 322 268 367 est.
305 316 397 377 Quum
417 317 525 383 aliquot
548 317 587 368 ibi
613 316 673 367 dias
697 316 791 367 castra
815 314 863 367 ha·

68 389 193 449 buisset,
214 393 242 437 et
253 387 441 437 reverteretur
451 385 587 454 Capuam3
606 386 645 448 Q:
659 386 762 440 Fabius
773 387 863 437 Maxi·

69 472 148 520 nius,
159 456 281 510 dictator
292 455 445 518 Romanus,
460 457 489 506 in
500 471 568 522 agro
579 455 700 508 Falerno
711 471 741 506 se
749 457 778 512 ‚ei
790 456 864 508 ubic»

70 529 118 579 eit.
154 527 181 576 2.
200 526 254 576 Hic
274 525 386 576 clausus
407 525 531 582 locorum
554 526 690 592 angustiis
704 530 789 576 noctu
802 528 863 578 sins

69 597 130 647 ullu
142 596 312 648 detrimento
320 595 462 646 exercitus
472 609 502 645 se
514 595 665 660 expedivit3
677 595 776 656 Fabio,
788 595 864 648 calli-

70 666 186 718 dissimo
197 664 374 731 imperatori,
389 663 473 715 rerba
483 663 569 715 dedit.
605 664 731 732 Namque
742 665 874 718 obducta¹

9 779 10 804 ,
71 741 155 798 nocte
166 738 307 786 sarmenta
316 734 345 784 in
360 734 490 789 cornibus
501 735 680 785 iuvencorum
693 733 815 801 deligata
824 737 864 786 ia·

71 805 178 868 cendit,
197 805 311 872 eiusquo
326 805 438 872 generis
452 803 658 856 multitudinem
669 819 797 871 magnam
809 805 863 855 dis-

71 875 329 942 palatamimmisit.
375 875 439 937 Quo
449 875 596 940 repentino
612 874 722 926 obiectu
733 875 792 924 risu
802 880 863 926 tan-

71 952 131 996 tum
150 951 297 996 terrorem
321 943 416 994 iniecit
441 944 578 994 exercitui
601 943 800 1006 Romanorum,
831 951 864 996 ut

8 1031 9 1048 ¹
71 1013 168 1083 egredi
185 1018 265 1066 extra
279 1012 383 1064 vallum
394 1026 476 1063 acmo
486 1013 523 1063 sit
534 1011 627 1064 ausus.
664 1012 689 1065 3.
708 1014 864 1081 llaucpost

8 1147 9 1150 Ἴ
71 1101 130 1138 rem
142 1087 248 1154 gestam
260 1097 314 1132 non
326 1082 366 1134 ita
377 1081 629 1134 multis‘dicbusltl.
644 1083 796 1150 Minucium
809 1085 862 1136 Ru·
913 1071 917 1086 '

8 1155 9 1172 ¹
72 1153 144 1216 ium,
156 1155 319 1220 nragistrum
332 1153 470 1220 equitum,
486 1154 546 1218 pari
559 1169 591 1204 ac
600 1155 764 1205 dictatorem
776 1156 863 1222 impe·

8 1279 9 1302 ¹
71 1226 130 1287 rio,
140 1223 205 1274 dolo
217 1221 381 1289 productum
393 1223 420 1272 iu
431 1222 583 1289 proelium,
593 1223 711 1292 fugavit.
731 1226 775 1274 Τί.
786 1223 863 1276 Sem-

8 1321 9 1330 .
72 1295 202 1362 pronium
218 1290 387 1355 Gracchum,
407 1293 508 1344 iterum
522 1292 677 1357 consulem,
696 1295 725 1343 in
740 1293 863 1346 Lucanis

72 1363 210 1416 absensin
221 1361 335 1414 insidias
350 1362 493 1414 inductum
504 1363 625 1414 sustulit.
653 1364 692 1416 Μ.
714 1363 861 1417 Claudium

7 1439 8 1462 l
70 1431 253 1496 Marcellum,
274 1433 418 1500 quinquies
438 1423 596 1496 consulem,
617 1433 691 1499 apud
711 1435 862 1488 Venusiam

7 1555 8 1568 ,
73 1503 134 1571 pari
146 1500 227 1560 modo
237 1497 387 1553 interfecit.
422 1499 450 1552 4.
467 1501 596 1570 Longum
613 1509 669 1564 est,
697 1517 863 1554 enumerare

71 1571 189 1640 proelia.
225 1570 318 1632 Quare
330 1565 478 1621 hoc'unum
489 1573 558 1622 satis
569 1573 623 1625 erit
633 1571 750 1634 dictum,
761 1586 796 1623 ex
806 1587 861 1640 quo

7 1667 8 1692 r
71 1642 191 1710 intelligi
203 1641 302 1708 possit,
318 1645 437 1708 quantus
448 1641 496 1692 illo
506 1641 605 1697 fuerit:
625 1639 756 1709 quamdiu
767 1643 796 1691 ln
807 1643 862 1693 lta.
917 1654 921 1665 .
944 1665 947 1670 -

72 1713 111 1764 lia
121 1713 188 1774 fuit,
200 1727 280 1762 nemo
292 1712 316 1762 ei
327 1713 354 1761 in
365 1711 424 1763 acie
435 1713 552 1775 restitit,
564 1727 645 1763 nemo
656 1711 788 1764 adversus
799 1725 862 1763 eum

72 1788 134 1850 post
146 1783 317 1836 Cannensem
328 1797 447 1849 pugnam
457 1783 485 1834 in
497 1797 595 1850 campo
606 1787 698 1833 castra
707 1783 809 1849 posuit.

7 1897 8 1902 ,
123 1853 173 1905 vl.
191 1851 245 1902 Hic
265 1851 383 1901 inrictus
402 1854 522 1918 patriam
548 1851 693 1906 defensum
714 1857 863 1903 revocatus

72 1921 176 1974 bellum
193 1921 280 1988 gessit
295 1921 428 1974 adversus
448 1921 478 1973 P.
500 1921 671 1990 Scipionem,
690 1923 777 1973 lilium
790 1923 862 1984 eius,

7 2025 8 2030 =
72 1990 354 2060 quemipseprimum
372 1989 446 2056 apud
467 1990 645 2056 Rhodanum,
666 1994 767 2044 iterum
789 1993 860 2058 apud

72 2061 191 2122 Padum,
202 2061 287 2110 tertio
298 2059 373 2126 apud
384 2060 513 2114 Trebiam
530 2059 683 2129 fugaverat.
721 2065 789 2114 Cum
801 2061 862 2125 lior,

73 2129 215 2182 erlraustis
226 2129 279 2180 iam
293 2130 400 2196 patriae
410 2129 606 2194 facultatibus,
626 2131 732 2197 cupivit
746 2134 774 2181 in
785 2145 863 2198 praa·
928 2135 969 2167 ’θ’

72 2202 224 2252 actitianum
235 2199 339 2250 bellum
352 2211 534 2266 componere,
554 2214 608 2269 quo
618 2200 756 2254 valentior
766 2206 863 2266 postea
933 2235 944 2255 a

7 2275 8 2330 l
71 2269 298 2337 congrederetur.
335 2267 366 2320 ln
382 2269 550 2337 colloquium
567 2272 709 2336 convenit,
729 2269 863 2321 conditio·
897 2281 900 2289 ’
934 2263 965 2285 '³

71 2353 186 2392 nesnon
208 2343 406 2390 convenerunt.
451 2335 476 2392 3.
504 2339 574 2391 Post
592 2339 621 2392 id
642 2339 747 2391 factum
766 2339 865 2406 paucis
930 2337 987 2412 i'}

72 2408 177 2462 diebus·
189 2406 263 2474 apud
284 2409 396 2458 Zamam
413 2423 476 2460 cum
491 2410 588 2462 eodem
601 2407 737 2461 conflixit:
765 2407 865 2474 pulsus
914 2403 971 2479 Μ’,

71 2477 245 2540 (incredibile
265 2476 352 2539 dictu)
372 2477 457 2546 biduo
478 2484 507 2530 et
526 2480 635 2530 duabus
655 2477 784 2528 noctibus
806 2477 863 2526 lla·
912 2483 984 2550 W:

71 2549 228 2599 dramatum
248 2547 387 2612 persenit,
418 2548 492 2615 quod
512 2548 594 2599 abest
608 2538 634 2596 a'
648 2547 733 2596 Zama
752 2545 863 2596 circiter

70 2617 161 2691 millia
172 2629 302 2682 passuum
312 2621 446 2699 trecenta.
482 2616 508 2668 4.
528 2617 559 2667 ln
571 2614 624 2666 hac
635 2613 702 2696 iuga
710 2614 759 2733 {a
765 2613 862 2697 midae,

70 2685 119 2755 qui
129 2683 213 2737 simul
224 2699 284 2735 cum
296 2699 329 2736 eo
341 2700 376 2737 ax
386 2701 446 2738 acre
457 2688 645 2746 excesserant,
666 2699 716 2733 msa
738 2689 786 2732 rati
797 2685 863 2733 sunt

73 2757 115 2820 οἱς
134 2767 204 2824 quos
215 2767 271 2807 aon
281 2753 372 2806 solum
383 2753 494 2824 effugit,
505 2753 554 2807 scd
565 2756 656 2869 “Q
665 2753 740 2818 ipsos
751 2763 861 2816 oppres-

607 2847 619 2874 ι
