2054 2956
160 173 164 182 .
218 131 339 190 xum.
357 133 598 190 uvmuuue
616 107 750 191 'rx-ur.
842 133 878 192 et
904 221 911 234 ἱ

88 239 293 297 consuetudine
302 241 484 309 suspicionem
495 241 620 292 inliciant
630 236 770 302 hostibus,
785 236 828 291 hle
839 239 878 294 lo·

87 315 127 366 cis
138 325 201 364 asse
212 315 316 373 castra,
328 311 405 362 acdc
415 325 510 364 eorum
527 310 648 362 adventu
664 325 726 362 esso
741 324 878 376 praenun-

85 385 204 444 tiatum3
214 380 461 447 idemquepostera
468 379 669 431 noctefaciant.
679 379 704 432 5.
712 381 817 443 Quibus
828 381 878 434 im·

86 449 766 522 peratumerat,diligenterpraeceptumcuront
802 450 879 502 Anti

87 531 190 592 guum,
197 519 321 570 tenebris
330 519 443 582 obortis,
450 521 528 586 ignes
539 515 728 586 conspicaturo
740 519 878 583 creditde
890 557 900 572 s

86 606 141 644 euo
153 588 274 641 adventu
286 601 345 640 osee
356 588 495 651 auditum,
515 593 543 640 et
553 588 727 642 adversarios
736 589 803 642 illuc
813 594 878 642 suu

88 659 265 714 contraxisse
276 658 377 724 copiae.
412 657 437 709 d.
456 658 551 709 Mutat
559 658 717 720 consilium,
728 661 769 721 et,
781 659 877 726 quoni·

87 745 135 782 am
154 727 351 795 imprudentes
373 727 476 780 adoriri
500 743 555 779 non
579 732 687 794 posset,
711 727 799 779 flectit
822 729 879 780 iter
953 769 959 790 ,

88 813 184 861 sumn,
196 803 225 849 et
237 797 318 848 illurn
334 795 489 856 anfractum
503 797 659 864 longiorem
675 799 802 864 copiosae
816 797 877 849 riae

89 870 180 935 capit,
190 868 283 935 ibique
293 866 366 918 diem
377 883 463 919 uuum
474 869 618 934 opperitur
634 867 668 917 od
684 866 877 919 lassitudinem

76 937 243 991 ,sedandam
255 935 375 986 miiitum
387 937 727 1000 ocretieiendaiumeuto‚
743 950 798 1005 quo
809 936 879 990 into

88 1009 185 1077 griore
197 1007 321 1058 exercitu
332 1005 502 1058 decerneret.
796 1013 801 1018 ·

38 1099 40 1103 ·
141 1075 177 1128 X.
196 1076 252 1128 llic
271 1076 419 1134 Eumenes·
435 1075 565 1128 callidum
589 1075 785 1142 imperatorem
810 1073 879 1128 vicit

88 1145 221 1208 consilio,
233 1143 463 1213 celeritatemque
477 1146 620 1212 impedivit
634 1147 708 1210 eius;
732 1160 824 1214 neque
837 1151 878 1198 ta·

87 1231 154 1268 men
163 1215 284 1266 multum
293 1212 420 1280 profecit.
454 1215 479 1267 2
497 1215 568 1267 Nam
579 1216 684 1268 invidia
694 1215 803 1280 ducum,
814 1229 878 1267 curm

89 1287 189 1354 quibus
200 1289 275 1347 erat,
285 1284 456 1352 perfidiaque
470 1284 658 1344 Macedonum
672 1291 878 1348 veteranorum,

89 1368 175 1424 quum
195 1355 324 1420 superior
338 1353 446 1420 proelio
465 1354 653 1418 discessionem,
675 1356 814 1423 Antigono
835 1359 878 1406 eet

89 1424 215 1487 deffituo,
235 1438 320 1492 quum
336 1425 474 1476 exercitus
490 1425 516 1476 ei
531 1430 578 1476 ter
587 1427 654 1476 onte
662 1426 799 1492 separatis
808 1429 877 1476 tom·

87 1495 204 1562 poribus
214 1493 349 1556 iurasset,
363 1507 393 1544 se
403 1507 465 1545 eum
475 1492 671 1556 defensurum,
685 1509 738 1545 nec
748 1507 877 1560 umquam

89 1563 274 1616 deserturum.
311 1560 456 1617 sectante
474 1561 528 1612 suit
548 1562 748 1613 nonnullorum
767 1562 878 1614 virtutis

4 1653 5 1656 ¹
88 1633 271 1696 obtrectatio,
289 1629 414 1684 uttidem
425 1633 557 1683 amittere
568 1629 699 1692 mallent,
719 1643 877 1700 quameum

87 1717 146 1756 non·
155 1701 285 1771 prodere.
320 1700 345 1754 3.
362 1701 454 1769 Atque
467 1699 541 1751 huno
553 1701 722 1768 Antigonus,
748 1714 831 1768 quum
851 1701 878 1752 ei

88 1772 188 1826 fuisset
197 1770 407 1834 infestissimus,
420 1775 622 1834 conservasset,
633 1771 657 1820 oi
666 1784 716 1838 per
725 1783 792 1826 suos
802 1775 878 1823 esset

64 1855 68 1862 ·
87 1841 210 1905 licitum,
248 1840 306 1892 uod
315 1841 350 1892 ab
360 1840 478 1894 nullone
488 1839 550 1908 plus
562 1839 688 1891 adiuvari
703 1853 785 1909 posse
796 1839 878 1892 intel

4 1917 5 1920 ’
86 1910 233 1979 ligehatin
262 1911 391 1974 iureiuo,
411 1926 479 1980 queo
488 1910 715 1978 impend'creiam
726 1911 879 1978 apparebat

88 1982 226 2044 ommim,
253 1979 518 2034 Imminebantenim
529 1977 879 2048 Seleucus‚Lysi'nraclrus·,

86 2049 281 2112 Ptolemaeus,
302 2050 400 2116 opibus
409 2052 465 2102 iam
474 2051 613 2116 valenter,
621 2066 683 2104 cum
694 2050 792 2120 quibus
804 2050 831 2102 ei
841 2049 879 2101 de

86 2121 203 2171 summis
213 2118 297 2172 rebus
308 2124 370 2170 erat
379 2120 573 2172 dimicandum
618 2120 645 2173 a
669 2121 789 2182 Sednon
801 2118 878 2186 passi

86 2187 201 2252 eunthi,
211 2189 259 2256 qui
269 2189 445 2242 circaerantt
465 2191 540 2257 quod
550 2189 688 2255 videbant,
698 2192 823 2243 Eumene
833 2202 876 2239 re·

85 2264 185 2326 cepto,
203 2273 299 2310 omues
309 2271 377 2325 prae
387 2257 438 2311 illo
456 2261 534 2325 parvi
547 2259 666 2313 tuturos.
701 2259 763 2326 lpse
782 2261 875 2308 autern

85 2331 245 2395 Antigonus
254 2328 325 2380 adeo
335 2334 398 2380 erat
416 2329 559 2392 incensus,
577 2335 623 2394 ut,
643 2329 809 2395 nisimagne
826 2340 876 2394 spe

54 2425 61 2430 -
85 2400 273 2450 maximarum
282 2397 481 2462 rerum‚leniri
491 2413 546 2450 non
556 2405 658 2466 posset.

141 2467 191 2519 xl.
210 2467 307 2536 ltaque
318 2483 402 2536 quum
412 2483 475 2522 eum
486 2469 514 2520 in
529 2467 683 2520 custodiam
693 2463 829 2526 dedisset,
848 2469 877 2518 et

85 2535 248 2604 praefectus
274 2537 420 2589 custodum
465 2539 614 2599 uaesisect,
644 2533 876 2603 quemadmodum

4 2623 5 2628 ¹
87 2607 197 2656 servari
206 2605 310 2658 relicti
326 2614 359 2657 ut
369 2621 540 2668 decommum,
550 2603 649 2672 inquit,
659 2607 766 2666 leonem,
778 2610 828 2654 aret
833 2602 877 2672 fe·

86 2672 257 2726 rocieeimum
275 2669 455 2742 elephantum.
490 2673 620 2729 Nondum
640 2675 713 2726 enim
731 2673 879 2728 statuerat,

88 2747 357 2809 conservantem,
377 2760 429 2799 neo
448 2759 493 2797 ue.
529 2741 710 2808 zveniebat
729 2747 821 2794 autem
841 2733 877 2786 ed

611 2809 707 2868 Η.
