2032 2962
154 140 230 196 to.
406 131 693 195 amoueri

108 244 112 248 ’
153 246 278 316 priorem
289 241 426 309 Dionysio
437 242 509 304 tilio,
521 242 623 304 eidem,
635 241 679 293 cui
689 254 804 309 regnum
814 239 944 311 reliquit.

70 323 77 344 ⁸
155 313 374 382 nuptumdedit,
384 310 516 374 alteram,
525 311 741 372 Areten,Dioni.
765 311 791 360 2.
810 310 885 362 Dion
897 323 945 364 au.

104 435 110 440 .
155 390 213 438 tem
224 386 337 451 praeter
348 377 468 432 nobilem
479 382 713 448 propinquitatem
724 394 945 449 generosamque

154 454 293 506 maiorum
304 449 406 500 famam
418 449 507 501 multa
517 451 574 501 alia
584 450 619 500 ab
635 455 736 500 natura
747 448 843 500 babuit
854 450 943 502 bonas

152 523 182 575 in
194 521 236 572 his
247 521 388 587 ingenium
400 518 503 580 docile,
514 534 605 581 come,
620 524 715 584 aptum
732 519 767 569 ad
781 523 856 571 ortes
870 521 943 588 optia

152 607 227 655 rnas;
248 603 375 656 magnam
387 590 510 655 corporis
522 589 700 655 dignitatem,
717 603 788 656 quiae
798 602 854 638 non
864 589 944 640 arini-

152 676 228 714 mum
237 658 458 722 commendatum
469 651 739 724 magnas'praeterea
749 656 858 710 divitias
869 673 944 725 apa

152 738 198 784 tre
207 730 408 795 relictas,quas
423 729 481 794 ipse
499 729 614 793 tyranni
633 727 794 778 muneribus
815 733 943 780 auxerat.

152 800 179 855 3.
190 802 259 856 Erat
269 799 383 849 intimus
398 796 535 863 Dionysio
549 797 649 863 priori,
673 811 763 864 neque
774 799 864 848 minus
879 811 943 865 prp-

152 878 216 939 pter
226 881 326 929 mores,
337 881 419 933 quam
431 866 602 918 affinitatem.
636 866 762 934 Namque
773 867 825 917 etsi
836 866 942 932 Diony·
966 870 974 878 ‘

152 941 187 991 sii
206 937 356 992 crudelitas
377 936 402 986 ei
423 935 600 1002 displicebat,
619 940 713 988 tamen
733 935 840 996 salvum
852 935 940 1004 [esse]

152 1012 266 1077 propter
277 1005 519 1068 necessitudinem,
530 1005 620 1072 magis
628 1007 711 1057 etiam
722 1019 836 1056 suorum
848 1019 942 1069 causa,

152 1077 289 1129 studebat.
309 1073 451 1125 Aderatin
462 1076 569 1142 magnis
579 1075 677 1137 rebus3
697 1077 812 1141 eiusque
823 1074 942 1126 oonsilio

152 1145 272 1198 multum
282 1143 445 1194 movebatur
454 1150 607 1210 tyrannus,
626 1143 679 1194 nisi
696 1159 751 1211 qua
766 1145 793 1197 in
805 1158 836 1194 re
851 1143 942 1196 maior

152 1213 604 1282 ipsiuscupiditas'interoesserat
640 1212 665 1264 4.
686 1213 854 1281 Legationes
864 1227 942 1278 vero,

153 1299 226 1352 quae
236 1289 327 1334 essent
341 1282 519 1342 illustriores,
525 1282 700 1348 perDionem
713 1283 943 1334 administraban-

152 1360 213 1405 tur:
234 1367 302 1418 quas
313 1351 424 1419 quidem
434 1351 483 1402 ille
493 1351 645 1418 diligenter
659 1352 798 1414 obeundo,
818 1351 943 1405 fideliter

94 1451 97 1458 ·
152 1420 376 1478 administrando
394 1421 738 1478 crudelissimumnomen
749 1421 871 1487 tyranni
888 1435 943 1472 sua

152 1490 326 1543 humanitate
346 1489 466 1558 tegebat.
493 1489 519 1542 5.
531 1491 613 1544 Hunc
632 1507 650 1542 a
669 1491 805 1558 Dionysio
824 1490 943 1542 missum

154 1559 398 1627 Carthaginienses
406 1567 598 1627 suspexerunt,
618 1563 797 1613 utneminem
808 1575 941 1628 umquam

86 1642 88 1646 ’
158 1630 266 1683 Graeca
276 1629 372 1697 lingua
382 1629 544 1698 loquentem
555 1633 644 1700 magis
654 1632 710 1682 sint
720 1630 857 1682 admirati.

204 1700 239 1751 ll.
257 1699 354 1766 Neque
364 1715 430 1752 vero
440 1699 512 1752 haee
519 1701 685 1768 Dionysium
695 1698 846 1766 fugiebant.
861 1699 940 1760 Nam,

152 1775 260 1837 qitanto.
268 1774 341 1820 esset
352 1769 402 1820 sibi
415 1773 590 1830 ornamento,
601 1768 745 1820 sentiebat.
774 1769 837 1829 Quo
847 1771 942 1833 tiebat,

151 1844 185 1888 ut
195 1839 243 1890 uni
254 1836 318 1888 huic
327 1839 446 1889 maxime
456 1837 627 1902 indulgeret,
638 1851 801 1901 nequeeum
811 1851 891 1888 secus
902 1839 942 1890 di-

152 1906 402 1974 ligeretaclilium.
413 1907 438 1956 2.
445 1903 723 1974 Quiquidem,quum,
734 1903 877 1956 Platonem
886 1908 940 1958 Ta·

75 1983 79 1988 '
151 1982 263 2029 rentum
273 1977 388 2037 venisse,
402 1973 476 2026 sama
487 1975 514 2023 in
525 1971 648 2024 Siciliam
664 1978 738 2025 esset
748 1973 864 2039 perlata,
875 1975 941 2028 edo·

151 2045 274 2112 lescenti·
288 2059 392 2113 negare
411 2056 467 2094 non
487 2042 586 2108 potuit,
605 2043 672 2112 quin
692 2057 756 2096 eum
776 2051 939 2107 arcesseret,
1004 2097 1005 2114 ἒ

151 2131 236 2186 quum
247 2114 319 2164 Dion
331 2114 389 2164 eius
399 2110 528 2163 audiendi
541 2113 694 2179 cupiditate
701 2111 841 2181 flagraret.
853 2115 940 2167 Dedit

152 2201 220 2253 ergo
231 2183 425 2244 huicveniam,
440 2197 595 2251 magnaque
611 2197 676 2236 eum
689 2184 839 2235 ambitione
856 2183 939 2250 Syra·

152 2270 232 2306 cusas
238 2252 376 2319 perduxit.
388 2249 506 2314 &Quem
513 2252 588 2306 Dion
600 2253 670 2304 adeo
681 2253 834 2304 admiratus
846 2257 939 2305 estat·

151 2339 206 2392 quo
217 2322 363 2383 adamavit,
374 2325 406 2372 ut
416 2336 446 2373 se
457 2326 547 2374 totum
558 2324 583 2374 ei
594 2323 727 2374 traderet.
763 2321 859 2388 Neque
870 2335 936 2374 vero

150 2395 242 2444 minus
252 2391 333 2442 Plato
344 2390 499 2442 delectatus
510 2396 552 2444 est
563 2392 664 2444 Dione.
708 2391 805 2458 ltaque
824 2405 910 2456 quum
920 2404 938 2441 a

150 2461 288 2527 Dionysio
301 2459 445 2528 [tyranno]
454 2460 733 2514 crudeliterriolatus
743 2463 825 2521 esset,
836 2461 938 2527 quippe

152 2545 234 2596 quem
241 2530 541 2592 venumdariiussisset‚
552 2535 644 2582 tamen
655 2529 753 2581 eodem
764 2527 856 2591 rediit,
868 2531 939 2580 eius-

39 2624 51 2634 »
152 2597 215 2650 dem
225 2593 616 2663 Dionisprecibusadduotus.
660 2598 686 2650 4.
704 2597 939 2650 luteriminmor·

152 2667 217 2722 bum
229 2667 326 2717 incidit
335 2667 499 2734 Dionysius.
513 2669 671 2734 Quemquam
682 2667 758 2732 gravi
769 2664 940 2719 conflictare·
1003 2703 1004 2712 ,

151 2740 212 2800 tur,
227 2737 364 2806 quaesivit
381 2751 399 2790 c
412 2737 526 2790 medicis
541 2737 629 2802 Dion,
662 2735 893 2804 quemadmodum
907 2749 938 2788 se
