2054 2956
131 89 178 143 ns
238 85 333 144 xxv.
351 77 563 144 nrrrrcvs
588 69 814 142 xvrssxvnr.

126 190 918 263 pusadrlttioummissarumrquaequilegat,nonmultunr

129 264 270 318 desideret
290 261 435 314 historiam
452 267 610 315 contextum
624 262 738 313 illorum
747 267 917 328 temporum.

127 335 153 387 4.
173 331 219 385 Sic
229 335 300 384 enim
318 335 411 384 omnia
425 331 460 384 de
475 332 576 386 studiis
596 333 762 398 principum,
779 333 854 382 vitiis
866 331 918 383 du·

128 415 202 466 eum,
214 403 414 454 mutationibus
422 401 539 468 reipubl.
550 403 705 468 perscripta
714 406 793 464 sunt,
803 407 835 455 ut
846 399 918 452 nihil

126 475 154 524 in
166 473 199 522 iis
209 486 264 523 non
276 477 423 538 appareat,
435 477 463 523 et
473 471 556 524 facile
567 471 718 523 existimari
731 472 830 538 possit,
851 484 917 536 pru·

126 543 248 595 dentiam
260 541 461 609 quodammodo
472 557 533 594 esse
545 540 748 593 divinationem.
768 540 830 591 Non
842 541 917 591 eninr

127 613 222 664 cicero
234 611 381 674 canolam,
401 627 473 680 quae
492 613 555 664 rire
574 625 604 662 se
623 610 796 672 acciderunt,
817 608 916 662 sutura

124 681 276 750 praedixit,
291 681 340 732 sed
351 683 449 745 etiam,
469 695 539 750 quae
550 681 825 743 nuncusuveniunt,
845 681 916 746 osulf

126 753 154 802 ai
186 753 314 802 utrates.
664 793 667 800 ,
807 751 812 765 ’
887 790 891 794 .

156 758 231 873 t'XV
233 820 265 871 ll.
283 819 327 880 De
337 821 441 886 pietate
462 824 554 876 autem
565 820 648 872 Attici
669 816 735 887 quid
750 817 832 883 plura
841 830 916 868 com·
974 813 981 822 '

126 887 296 944 memorem?
309 891 394 957 quum
404 887 458 941 hoc
467 891 556 957 ipsum
566 904 632 940 rere
642 887 809 956 gloriantem
819 888 915 939 audie·
1017 901 1018 908 ¹

125 963 180 1012 rim
190 961 218 1010 in
229 959 327 1012 funere
348 961 447 1010 aratris
466 975 546 1020 sune,
567 973 648 1026 quam
664 959 766 1009 extulit
776 971 915 1010 annorum

125 1031 286 1098 nonaginta,
297 1045 383 1096 quum
394 1034 468 1080 esset
478 1034 584 1096 septem
595 1032 623 1078 et
633 1031 786 1096 sexaginta,
796 1041 826 1078 se
836 1041 915 1078 num·

127 1115 209 1168 quarn
220 1113 282 1150 cum
294 1105 383 1150 matre
393 1099 421 1148 in
432 1099 551 1166 gratiam
561 1097 678 1161 redisse,
689 1111 839 1165 numquam
849 1111 913 1148 cum

126 1183 222 1220 errrore
234 1165 358 1218 suisscin
378 1168 534 1230 simultate,
555 1182 636 1236 quum
657 1181 745 1234 prope
766 1165 913 1234 aequalem

126 1237 254 1290 habebat.
289 1235 315 1287 2.
334 1237 415 1298 Quod
424 1241 469 1287 est
478 1239 596 1304 signum,
607 1242 655 1286 aut
666 1237 771 1287 nullam
782 1249 912 1303 umquam

125 1309 201 1359 inter
220 1304 481 1374 eosquerimoniam
501 1308 704 1368 intercessisse,
724 1310 773 1374 aut
786 1302 860 1355 hunc
880 1318 914 1357 ea

126 1377 212 1429 luisse
221 1378 248 1428 in
259 1389 324 1428 suos
335 1375 523 1443 indulgentia,
542 1380 598 1438 ut,·
606 1389 675 1442 quos
685 1389 777 1428 unnare
789 1373 914 1438 deberet,

124 1447 208 1498 irasci
220 1447 260 1497 eis
272 1444 349 1497 nefas
360 1445 482 1497 duceret.
504 1443 528 1496 3.
540 1443 635 1512 Neque
645 1445 674 1494 id
685 1444 751 1496 fecit
761 1448 862 1494 natura
872 1457 914 1496 so-

125 1516 197 1578 lunr,
216 1529 383 1584 quamquam
394 1529 490 1566 omnes
505 1515 530 1566 ei
545 1528 688 1581 paremus,
709 1511 757 1564 secl
770 1515 853 1564 ctiam
865 1513 928 1566 do·-
1003 1549 1004 1554 =

126 1587 224 1636 ctrina.
260 1584 331 1635 Nam
342 1589 371 1636 et
381 1586 535 1652 principum
555 1582 784 1650 philosophorum
802 1584 841 1632 ita
853 1595 913 1648 per-

126 1652 314 1720 ceptahebnit
334 1659 494 1722 praecepta,
513 1658 544 1704 ut
564 1653 598 1703 iis
617 1653 748 1704 advitam
765 1652 912 1721 agendam,

125 1739 180 1775 non
192 1724 226 1773 ad
238 1725 469 1787 ostentationem,
480 1727 617 1775 uteretur.

177 1793 278 1846 xvnl.
297 1793 386 1844 Moris
398 1794 480 1844 etiarn
491 1794 627 1842 maiorum
648 1800 771 1842 summus
786 1791 914 1844 imitator

124 1862 180 1915 fuit
190 1863 419 1930 antiquitatisque
440 1866 561 1912 amator:
580 1876 662 1929 quam
684 1862 755 1912 adeo
764 1860 914 1928 diligenter

124 1929 221 1984 habuit
232 1934 383 1998 cognitam,
401 1936 433 1981 ut
443 1945 504 1982 eam
514 1935 602 1986 totam
616 1931 645 1984 in
661 1945 695 1984 eo
710 1931 850 1982 volumine
867 1943 913 1982 ex·

145 2001 263 2064 uenerit,
284 2001 657 2068 quomagistratusornauit.
692 1999 718 2052 2.
736 1999 821 2052 Nulla
839 2001 912 2052 enim
941 2035 943 2039 -
970 2055 973 2062 ,

124 2015 186 2134 lex,
205 2085 294 2136 neque
305 2085 372 2136 pax,
397 2085 486 2138 neque
497 2070 614 2132 bellurn,
633 2084 723 2137 neque
738 2085 784 2122 res
794 2069 913 2120 illustris

125 2141 271 2206 estpopuii
282 2139 412 2204 Romani,
433 2155 504 2206 quae
519 2141 614 2191 nonin
630 2155 664 2192 eo
679 2155 729 2190 suo
740 2140 915 2205 tempore'sit
1016 2199 1017 2210 ,

123 2213 236 2260 notata:
256 2213 296 2271 et,
316 2209 390 2276 quod
402 2209 594 2262 difficillimum
607 2208 674 2271 fuit,
685 2211 726 2260 sic
742 2207 915 2263 familiarum

125 2272 260 2344 originem
271 2279 424 2343 subtexuit,
435 2283 467 2328 ut
477 2294 510 2330 ex
521 2293 555 2330 eo
566 2279 706 2330 clarorum
717 2279 839 2329 virorum
851 2289 914 2344 pro·

125 2349 240 2413 pagines
262 2350 396 2413 possimus
418 2362 592 2414 cognoscere.
629 2345 653 2398 3.
672 2347 751 2404 Fecit
771 2345 824 2398 hoc
839 2348 912 2398 idem

126 2417 276 2480 separatim
287 2417 315 2465 in
325 2417 387 2467 aliis
397 2416 486 2468 libris:
505 2422 537 2466 ut
547 2417 586 2468 M.
601 2417 683 2480 Bruti
694 2422 795 2486 rogatu
806 2417 914 2468 lunium
957 2473 964 2492 Ι

127 2482 262 2534 familiam
273 2500 290 2534 a
300 2485 387 2551 stirpe
399 2486 434 2536 ad
444 2483 515 2537 banc
524 2485 753 2550 aetutem'ordine
770 2491 914 2537 enumera·

125 2553 178 2615 tit,
188 2557 300 2614 notans,
311 2556 371 2620 qni,
382 2569 399 2605 a
410 2569 463 2622 quo
475 2560 566 2616 ortus,
578 2570 646 2622 quos
656 2553 791 2617 honores,
821 2555 926 2608 uibus:

33 2683 35 2693 ‚
126 2634 180 2686 que
200 2623 372 2687 temporibus
393 2624 516 2688 cepisset.
552 2621 577 2673 4.
597 2623 661 2674 Pari
682 2623 764 2676 rnodo
817 2625 915 2677 arcelli

127 2688 249 2751 claudii,
270 2685 483 2756 Marcellianum
502 2689 638 2758 Scipionis
653 2692 775 2747 cornelii
790 2698 820 2746 et
833 2693 914 2750 Fabii
