2054 2956
175 115 227 172 roe
331 113 855 196 xxvfnrrrcvsnur..
936 127 939 134 ·

173 221 222 275 alii
235 221 366 275 Cinnanis
377 221 503 275 faverent
512 225 648 289 partibus:
660 223 791 275 idoneum
802 223 912 291 tempus
921 240 968 280 ra·

173 297 220 344 tus
239 292 339 343 studiis
360 293 530 360 obsequendi
549 295 620 357 stols,
645 291 767 346 Athenas
787 308 817 345 se
838 296 967 348 contulit.

172 361 270 430 Neque
280 376 314 430 ep
325 362 415 412 secius
426 363 633 415 adolescentem
649 363 783 426 lilerium,
804 361 912 416 hostem
927 367 967 418 iu·

125 479 128 490 ‚
173 431 304 494 dicatum,
314 431 383 481 iuvit
394 432 490 497 opibus
501 433 571 497 suis3
583 433 660 484 euius
672 432 765 500 fugam
777 435 895 499 pecunia
904 436 968 487 sub.
1017 475 1018 478 ,

163 498 284 554 'letavit
322 498 346 552 3.
366 501 415 563 do,
435 517 470 553 ne
491 501 542 554 illa
557 503 747 571 peregrinatio
763 502 965 556 detrimentum

173 569 286 638 aliquod
298 567 413 622 afferret
423 572 464 622 rei
479 571 624 635 familiari,
645 572 743 624 eodem
758 587 887 640 magnam
903 589 966 642 par·

171 644 228 692 tem
241 639 417 691 fortunarum
428 643 539 694 traiecit
549 657 672 693 suarum.
708 643 764 694 llio
774 643 817 693 ita
829 644 913 707 vixit,
933 650 966 695 ut

172 711 309 762 universis
329 709 544 764 Atheniensibus
569 713 671 764 merito
696 717 771 763 esset
795 713 990 768 carissimae!

172 777 198 832 4.
217 779 286 831 Nam
297 785 410 846 praeter
419 783 553 848 gratiam,
564 797 634 849 quae
644 783 700 832 iam
711 783 739 833 in
750 780 963 834 adolescentulo

172 863 273 918 magna
283 855 351 912 erat,
362 865 446 917 saepe
456 852 513 902 suis
524 853 623 918 opibus
632 852 754 917 inopiam
766 866 862 903 eorum
874 851 962 918 publi-

171 934 232 971 cam
243 920 352 971 levarit.
389 920 481 982 Quum
498 921 570 972 enim
585 935 727 973 versuram
743 921 837 973 facere
853 922 963 989 publice

172 1004 284 1042 neeesse
294 994 381 1052 esset,
400 1005 490 1057 neque
506 993 566 1042 eius
580 991 768 1042 conditionem
783 1005 902 1059 aequam
918 991 965 1044 ha·

172 1059 287 1122 berent3
306 1073 414 1125 semper
424 1075 455 1112 se
465 1061 645 1126 interposuit,
665 1062 809 1128 atqueita,
830 1066 965 1129 utneque

171 1129 966 1198 usuramumquamabiisacoeperit,neqnelongius,quarn

172 1199 277 1252 dictum
297 1203 385 1262 esset,
415 1197 492 1268 [eos]
509 1201 609 1252 debere
648 1215 726 1252 assus
746 1201 790 1250 sit.
827 1198 856 1252 5:
881 1201 966 1264 Quod

172 1274 322 1336 utrumque
343 1273 405 1319 erat
422 1270 457 1320 ils
467 1269 599 1322 salutare.
652 1270 706 1322 'am
718 1277 807 1338 neque
817 1269 965 1340 indulgen-

173 1338 209 1391 do
233 1337 436 1390 inveterascere
462 1353 558 1390 eorum
578 1355 625 1391 aes
649 1340 771 1392 alienum
794 1339 984 1405 patiebatur,'

171 1421 262 1475 neque
274 1407 493 1474 multiplicandit
505 1410 597 1460 usuris
608 1425 742 1462 creseere.
769 1407 795 1460 d.
813 1408 900 1460 Auxit
911 1408 964 1461 hoe

172 1476 293 1530 officium
313 1477 369 1528 alia
384 1491 498 1546 quoque
511 1479 690 1532 liberalitate.
726 1479 798 1532 Nam
815 1480 965 1532 universos

172 1547 313 1599 frumento
323 1543 449 1609 donavit,
469 1549 510 1600 ita
520 1554 551 1599 ut
561 1547 680 1617 singulis
693 1554 801 1616 septem
817 1549 903 1600 modii
915 1551 965 1600 tri·

170 1618 219 1669 tici
231 1615 377 1669 darenturz
389 1619 436 1685 qui
446 1617 545 1671 modus
555 1633 703 1672 mensurae
714 1617 870 1672 medimnus
879 1618 965 1672 Athe-

170 1687 214 1738 nis
225 1686 391 1754 appellatur.

223 1757 268 1808 lll.
288 1757 342 1808 llic
353 1761 446 1809 autem
457 1756 497 1808 sic
507 1771 537 1809 se
548 1757 675 1826 gerebat,
696 1761 729 1810 ut
738 1757 891 1811 communis
902 1758 953 1809 inti

169 1825 236 1888 mis,
252 1839 303 1892 par
313 1826 482 1892 principibus
492 1828 644 1880 videretur.
663 1830 725 1890 Quo
736 1827 841 1882 fautum
852 1832 912 1891 est,
934 1828 967 1880 ut

169 1893 234 1946 hiric
250 1910 346 1946 omnes
367 1893 501 1960 honores,
519 1903 732 1966 quospoesent,
753 1897 863 1965 publice
879 1896 965 1951 habe-

170 1969 247 2027 rent,
268 1965 408 2032 civemque
420 1965 513 2018 lacere
523 1967 681 2019 studerent:
700 1982 754 2036 quo
765 1969 903 2020 beneficio
913 1967 965 2022 ille

170 2035 212 2088 uti
237 2031 336 2084 noluit.
382 2033 478 2102 [Quod
505 2035 633 2087 nonnulli
661 2038 703 2089 ita
729 2039 964 2104 interpretantur,

170 2104 262 2157 amitti
274 2104 415 2156 civitatem
425 2105 579 2156 Romanam
591 2106 648 2158 alia
658 2106 788 2174 adscita]
815 2107 841 2160 2.
860 2108 963 2168 Quam-

170 2171 323 2236 diuaffuit,
343 2189 445 2244 nequa
464 2175 516 2226 sibi
536 2181 632 2228 statua
651 2183 818 2243 poneretur,
840 2180 962 2242 restitit3

169 2246 268 2296 absens
280 2241 427 2310 prohibere
438 2259 494 2296 non
509 2248 609 2312 potuit.
644 2248 743 2315 ltaque
753 2245 860 2314 aliquot
870 2249 923 2313 ipsi
933 2253 962 2300 et

163 2311 284 2368 'Phidiae
296 2314 363 2365 loeis
378 2316 560 2366 sanatissiaris
577 2322 743 2382 posuerunt:
764 2316 838 2368 hune
848 2319 922 2370 enim
933 2319 961 2368 in

169 2386 243 2435 omni
265 2388 463 2450 procuratione
477 2385 596 2452 reipubl.
617 2391 740 2440 actorem
760 2394 962 2455 auctoremque

169 2452 317 2505 habebant.
352 2453 377 2506 2.
396 2455 486 2521 igitur
496 2457 616 2520 primum
627 2452 697 2506 illud
709 2471 810 2508 munus
820 2455 964 2521 fortunae,

169 2522 243 2589 quod
253 2524 280 2574 in
292 2524 511 2589 eapotissimmn
522 2524 591 2576 urbe
601 2530 683 2576 natus
693 2531 750 2588 est,
770 2527 798 2578 io
810 2540 864 2592 qua
874 2525 964 2577 domi-

169 2589 262 2642 cilium
275 2591 349 2641 orbis
360 2598 499 2644 terrarum
514 2599 589 2645 esset
602 2595 724 2660 imperii,
745 2601 777 2646 ut
790 2595 918 2647 eamdem
935 2601 964 2648 et

168 2658 962 2731 patriamlraberetetdomum3hoespeoimenprudentiae,

168 2728 257 2806 quod,
278 2732 399 2798 quumin
411 2745 473 2792 euru
487 2747 518 2785 se
534 2735 675 2786 ciuitatem
691 2733 869 2796 contulisset,
891 2749 962 2802 quae
