2054 2956
4 203 6 212 y
102 159 106 165 ·
198 121 873 207 xx111.usNN113nL.tl1.xn.10³

85 217 264 298 tabellarium
283 227 497 298 inscapbacum
510 229 630 280 caduceo
645 229 739 280 mittit.
774 227 799 279 2
818 227 874 290 Qui

80 299 132 358 ,ubi
144 299 179 348 ad
191 313 274 350 naves
284 298 505 349 adversariorum
519 300 658 364 pervenit,
671 296 873 364 epistolamque

4 363 5 444 p
86 359 236 434 ostendeus
247 383 276 418 se
289 383 382 434 regem
394 364 534 433 professus
549 374 592 417 est
607 381 759 436 quaerere,
777 368 880 417 statim-

86 437 122 488 ad
139 436 443 498 irunienem,ideduetus
459 440 513 498 est,
533 435 605 502 quod
622 451 701 488 nemo
717 436 872 499 dubitabat,
919 461 921 465 ·

86 503 192 574 aliquid
212 507 245 565 de
266 513 339 572 pace*
356 520 417 556 esse
432 507 574 571 seriptum.
611 503 803 569 l'abelldrius,
824 505 872 556 du·
928 533 944 574 .‘

40 612 47 628 .
86 577 126 626 cis
139 591 207 626 nave
216 575 361 626 declarata
371 576 443 637 suis,
454 575 550 625 eodem
557 611 565 638 ,
580 575 652 627 unde
663 575 745 642 ierat,
756 591 786 626 se
797 590 891 627 rece·-

86 649 136 710 pit.
172 643 197 696 3.
216 645 416 706 stanneum,
427 643 519 696 soluta
530 645 658 711 epistola,
670 643 739 695 nihil
749 645 777 694 in
788 659 821 696 ea
830 659 873 696 re-

87 716 173 780 perit,
183 715 234 764 nisi
247 713 319 781 quud
331 713 365 764 ad
376 713 546 764 irridendum
558 730 619 765 eum
632 716 793 781 pertineret.
821 715 873 765 Cu·

86 785 129 833 ius
140 785 192 834 etsi
204 797 315 834 eausam
324 782 493 845 mirabatur,
509 799 598 851 neque
609 785 815 850 reperiebatur,
834 786 874 833 ta·
887 825 893 838 „

4 903 5 910 ,
86 867 150 904 meu
172 853 308 918 proelium
329 855 422 902 statim
443 855 616 904 committere
637 867 700 904 =n0n
729 854 873 904 dubitauit.

4 919 5 922 ’
85 920 111 971 4.
131 923 239 972 Horum
251 923 279 971 in
295 937 432 972 concursu
445 921 561 988 Bithyni
581 923 747 974 Hannibalis
763 929 874 988 praece·

4 995 6 1020 ³
85 998 135 1058 pto
150 992 269 1041 universi
281 1005 376 1042 navem
393 993 524 1042 Eumenis
536 987 709 1042 ambiuntur.
746 992 874 1053 Quorum

85 1062 141 1110 vim
153 1074 202 1110 rex
221 1075 305 1128 quum
317 1061 454 1111 sustinere
475 1075 531 1111 nun
551 1067 658 1128 posset,
678 1061 874 1128 frigasalutem
957 1089 960 1097 ‹
1021 1111 1022 1118 ,

4 1139 5 1146 ’
86 1131 179 1196 petiit:
199 1144 281 1196 quam
293 1134 457 1180 consecutus
473 1144 529 1181 non
549 1137 636 1194 esset,
655 1133 707 1181 nisi
726 1133 801 1181 intra
821 1145 874 1181 sua

4 1247 5 1254 ,
87 1199 225 1266 praesidia
254 1213 284 1250 se
309 1201 473 1264 recepisset,
505 1203 615 1269 quaein
643 1201 769 1266 proximo
790 1199 873 1250 litore
966 1206 968 1211 '

4 1293 5 1308 κ
87 1273 168 1325 erant
192 1265 337 1319 collocata.
372 1265 397 1322 5.
417 1269 551 1338 Reliquae
575 1269 763 1338 Pergamenae
788 1283 873 1322 naves

86 1352 169 1404 quum
182 1337 354 1389 adversarios
365 1344 525 1404 premerent
534 1341 637 1401 acrius,
658 1348 773 1405 repente
784 1341 813 1390 in
825 1352 873 1390 eas

82 1406 151 1456 vasa
162 1407 271 1468 iietilia,
292 1407 326 1458 de
342 1407 442 1474 quibus
458 1423 542 1474 supra
557 1411 727 1462 mentionem
747 1409 872 1472 seclusus,

85 1473 303 1540 eoniiei'ecepta
323 1481 396 1526 sunt.
428 1477 509 1538 ,Quae
528 1480 603 1528 iacta
621 1479 701 1529 initio
721 1479 805 1528 risum
825 1493 873 1545 pu·

4 1601 5 1604 ¹
84 1544 232 1612 gnsntibus
244 1545 434 1606 concitarunt,
453 1561 555 1612 neque,
576 1561 662 1612 quare
673 1547 701 1597 id
711 1547 806 1609 fieret,
826 1559 873 1612 po·-

4 1607 5 1624 ¹
83 1612 294 1680 teratintelligi.
329 1611 355 1664 θ.
375 1611 523 1681 Postquam
540 1621 632 1666 autem
648 1630 732 1666 naves
753 1615 873 1682 comple-

4 1719 5 1722 *
84 1688 127 1735 tas
146 1687 351 1748 conspexerunt
370 1683 559 1748 serpentibus,
580 1700 651 1735 nora
670 1700 701 1737 re
720 1687 872 1751 perterriti,

4 1759 5 1818 j
84 1767 185 1821 quum,
206 1751 271 1818 quid
292 1752 466 1816 potissimum
490 1755 624 1817 vitarent,
652 1769 708 1805 non
735 1755 872 1818 riderent,

4 1819 5 1824 ’
83 1819 190 1888 puppes
199 1825 372 1883 averterunt,
385 1836 472 1888 seque
484 1822 519 1872 ad
529 1829 580 1874 s'ua
596 1828 686 1873 castra
701 1825 813 1874 nautica
828 1839 881 1875 re·¹
911 1825 928 1862 -'

4 1905 6 1918 ³
83 1891 218 1960 tulerpnt.
255 1891 279 1940 ⁷.
300 1889 346 1942 Sic
356 1891 498 1942 Hannibal
509 1892 624 1943 consilio
636 1908 714 1944 arma
724 1893 871 1960 Pergame·
912 1914 983 1962 γρ·

4 1951 5 1966 ’
39 1983 41 1992 1
83 1974 181 2011 norum
193 1961 451 2027 superavitz'ne'que
462 1967 520 2011 tum
531 1962 694 2026 solum,sed
705 1977 788 2028 saepe
801 1963 871 2013 alias
909 1951 981 2035 deff.

4 2037 5 2066 ³
83 2030 257 2096 pedestribus
277 2030 363 2097 copiis
383 2031 443 2097 pari
463 2033 612 2098 prudentia
640 2032 749 2099 pepulit
776 2033 872 2084 adrer-
916 2052 933 2095 '-

82 2100 180 2150 sarios.
757 2107 761 2112 '
791 2119 794 2129 ’
921 2105 978 2161 ἔξ..

135 2167 196 2218 Xll.
215 2167 293 2228 Quae
304 2167 367 2218 dum
380 2168 408 2218 in
428 2167 653 2236 Asia-geruntur,
673 2170 773 2222 accidit
794 2183 870 2234 casu,
912 2179 975 2234 eu,

82 2239 114 2288 ut
123 2235 210 2302 legati
221 2235 336 2287 Prusiae
347 2239 452 2288 Romae
469 2239 541 2304 apud
562 2239 594 2290 L.
604 2239 748 2300 Quintium
768 2239 870 2290 Flami·
902 2231 967 2318 ·⁸·⁸

83 2305 192 2365 ninum,
204 2305 394 2369 consularem,
405 2311 567 2370 coenarent,
582 2313 666 2375 atque
677 2310 729 2370 ibi,
749 2308 870 2360 dellan·
918 2301 973 2347 ⁰⁸’·
1021 2351 1022 2354 ,

83 2372 176 2424 nibale
187 2377 329 2426 mentione
339 2375 427 2438 facta,
448 2391 483 2428 ex
493 2375 537 2428 bis
547 2392 618 2428 unus
629 2377 746 2439 diceret,
768 2392 829 2428 eum
838 2377 868 2428 in

4 2489 6 2508 ,
82 2441 200 2508 Prusiae
213 2459 300 2511 regno
316 2460 385 2496 esse.
420 2446 445 2496 2.
465 2446 496 2496 ld
511 2453 624 2513 postero
645 2447 689 2498 die
699 2446 871 2499 Flamininus

4 2523 5 2530 ¹
82 2513 192 2564 senatui
203 2512 312 2588 detulit.
348 2514 447 2567 Patres
458 2519 621 2582 conscripti,
632 2517 693 2583 qui,
713 2515 873 2568 Hannibale

12 2607 14 2612 ·
83 2582 154 2645 viro,
164 2595 312 2648 numquam
323 2598 352 2634 se
362 2586 421 2635 sine
431 2585 539 2636 insidiis
551 2585 661 2636 futuros
672 2586 880 2649 existimarent,

65 2683 68 2688 -
82 2648 190 2724 legatos
200 2651 228 2699 in
238 2651 397 2717 Bithyniam
412 2657 561 2718 miserunt,
577 2656 605 2704 in
616 2652 660 2706 his
674 2655 872 2717 Flamininum,

84 2722 131 2788 qui
150 2721 185 2773 ab
205 2735 272 2788 rege
286 2727 430 2790 poterent,
451 2740 486 2777 ne
501 2725 719 2784 inimicissimum
734 2739 815 2776 suum
829 2736 875 2776 se·
