2054 2956
160 94 163 106 ’
207 111 733 176 xv11.nens1nnvs.1-m.
831 109 867 167 ⁷1w
905 75 908 82 “

86 219 130 292 qui
140 231 258 288 regnans
268 218 440 271 decessisset.
478 218 560 271 Sinis
574 217 682 272 virilem
698 235 794 270 sexum
810 234 865 286 non

85 291 247 357 reliquisset,
257 294 316 339 tum
327 289 508 355 deligebatur,
520 290 564 356 qui
576 292 715 355 proximus
727 295 867 356 essetpro·

85 360 246 428 pinqnitate.
273 357 300 408 «1.
318 359 448 410 Mortuus
459 363 519 408 erat
528 360 593 424 Agis
604 351 665 420 rex,
676 358 764 409 frater
774 361 867 427 Agesi-
904 355 909 370 ¹

85 430 131 482 lai.
165 427 267 480 Filium
279 427 432 494 reliquerat
442 425 752 494 Leotychidem,quem
762 429 811 480 ille
820 443 867 480 na-
930 451 936 460 ¹

85 505 143 550 tum
152 511 208 560 noe
217 501 346 563 agnorat,
358 495 485 548 eumdem
495 496 617 546 moriens
627 511 707 546 suum
719 512 779 550 esse
791 498 868 550 dixe·

84 572 136 618 rat.
171 565 198 616 is
210 565 244 616 de
255 563 360 617 honore
370 566 449 634 regni
460 581 522 624 cum
533 565 735 630 Agesilao,suo
752 573 867 632 patruo,
902 631 903 636 Ἰ

65 675 69 678 -
85 633 237 688 contendit:
256 648 351 702 neque
367 634 408 697 id,
424 635 498 702 quod
513 635 621 701 petivit,
636 641 799 686 consecutus
816 641 866 687 est.

85 704 109 758 5.
124 703 197 756 Nam
209 704 356 772 Lysandro
367 703 552 771 suffragante,
564 701 688 766 benninc,
699 708 732 754 nt
747 705 868 755 ostendi·
912 703 917 706 “

85 790 144 826 mus
154 787 247 839 snpra,
256 772 376 825 factioso
387 772 468 825 ethis
479 773 649 842 temporibus
659 766 788 840 p'otente,
798 775 867 841 Age·

85 843 169 896 silaus
180 842 320 895 antelatus
331 848 381 895 est.

134 911 168 962 ll.
185 911 240 979 llic
250 910 416 980 simulatque
425 912 533 979 imperii
543 913 649 978 petitus
661 915 718 974 est,
728 912 869 978 persuasit
923 933 930 938 ·

84 981 324 1043 Lacedaemoniis,
343 988 376 1031 ut
386 984 535 1035 exercitum
546 983 707 1034 emitterent
722 983 750 1031 in
761 983 868 1043 Asiam,

83 1049 243 1117 bellumque
253 1050 313 1117 regi
326 1049 455 1102 facerent:
475 1049 585 1112 docens,
596 1052 683 1102 satius
695 1051 869 1113 esseinAsia,

84 1133 165 1188 quam
176 1121 204 1169 in
215 1120 328 1184 Europa
343 1119 476 1170 dimicari.
516 1119 641 1188 Namque
658 1117 732 1170 fama
748 1121 876 1182 exierat,
944 1149 945 1152 =

82 1193 263 1244 Artaxerxem
279 1191 441 1254 comparare
457 1187 559 1240 classes
575 1190 775 1257 pedestresque
791 1201 869 1240 exer·

84 1260 165 1319 citus,
177 1271 246 1324 quos
257 1257 285 1307 in
296 1257 441 1320 Graeciam
452 1259 583 1309 mitteret.
619 1259 645 1308 2.
663 1259 738 1312 Data
747 1263 869 1325 potesta·

82 1333 125 1389 te,
134 1331 214 1377 tanta
225 1325 368 1394 celeritate
378 1341 444 1378 usus
455 1331 509 1389 est,
520 1331 552 1376 ut
565 1329 640 1393 prius
654 1329 682 1377 in
697 1329 788 1378 Asiam
805 1341 869 1378 cnm

81 1397 168 1462 copiis
188 1397 360 1461 pervenerit,
383 1411 465 1464 quam
485 1397 554 1463 regii
579 1402 708 1462 satrapae
733 1411 796 1448 eum
818 1397 869 1446 sci-

65 1461 69 1476 ‘
81 1471 145 1546 rent
155 1463 330 1542 proiectum:
357 1466 420 1528 Qus
431 1465 534 1515 factum
546 1470 595 1527 est,
606 1471 637 1514 ut
648 1480 742 1515 omnes
752 1467 869 1529 impara-

81 1541 126 1586 tos
136 1533 382 1602 imprudentesque
396 1532 563 1587 offenderet.
596 1531 622 1582 3.
645 1531 677 1583 ld
692 1538 723 1582 ut
738 1535 869 1600 cognovit

80 1602 299 1671 'Tissaphernem
320 1605 366 1670 qni
384 1617 523 1652 summum
546 1601 693 1668 imperinm
713 1606 773 1651 turn
793 1603 868 1652 inter
929 1617 933 1622 ·

78 1673 239 1742 praefectos
250 1671 474 1738 habebatregias,
481 1671 607 1730 indecisa
618 1687 635 1721 a
644 1671 867 1737 Laconepetivit,

78 1743 227 1805 simulans,
233 1757 263 1794 se
273 1741 340 1793 dare
351 1755 472 1808 operam,
479 1747 511 1791 ut
516 1741 741 1792 Lacedaemoniis
753 1755 814 1791 cunr
824 1753 868 1791 re·

78 1827 115 1880 ge
136 1813 311 1873 convenirem
329 1815 540 1875 reantemlvera
548 1810 584 1862 ad
600 1811 693 1876 copias
707 1823 868 1876 comparan-

79 1881 146 1932 das:
160 1895 262 1948 easque
272 1880 430 1944 impetravit
438 1881 604 1954 trimestres.
622 1879 763 1931 dlnravit
772 1883 868 1930 autem

77 1945 215 2018 uterque,
236 1965 266 2000 se
277 1951 336 1999 sine
346 1949 413 1999 dolo
423 1949 547 2000 inducias
558 1953 795 2000 conservaturum.
834 1945 867 1998 ln

79 2033 136 2088 qua
148 2019 278 2085 pactione
288 2031 396 2068 summa
406 2017 461 2068 lide
472 2019 573 2068 mansit
586 2018 745 2085 Agesilaum
758 2021 868 2069 contra
952 2074 958 2084 q

77 2104 113 2140 ea
124 2086 329 2154 Tissaphernes
343 2079 411 2136 n'ihil
422 2087 507 2149 aliud,
518 2103 600 2154 quam
610 2088 713 2139 bellurn
726 2101 869 2153 compara-

7 2181 8 2184 *
75 2159 125 2210 sit.
163 2155 190 2210 b.
208 2157 240 2208 ld
251 2158 304 2214 etsi
314 2157 450 2207 sentiebat
465 2156 554 2219 Laco,
568 2164 661 2208 tamen
676 2155 868 2207 iusiurandum

31 2273 35 2280 .
73 2227 218 2290 servabat,
225 2226 398 2294 multumque
406 2226 435 2276 is
445 2241 478 2276 eo
488 2239 517 2276 se
528 2227 659 2292 consequi
666 2226 782 2287 dicebat,
793 2223 869 2290 quod

74 2295 282 2364 Tissaphernes
302 2295 424 2364 periurio
445 2309 496 2345 suc
516 2300 545 2346 et
562 2293 687 2345 homines
708 2296 765 2344 suis
784 2293 869 2344 rebus

72 2367 270 2430 abalienaret,
280 2371 309 2418 et
319 2366 385 2418 deos
395 2364 446 2416 sibi
459 2366 546 2416 iratos
562 2361 711 2424 redderet3'
727 2377 757 2414 se
774 2368 869 2412 autem

7 2439 8 2444 ’
72 2440 249 2489 conservata
267 2435 401 2502 religione
422 2435 586 2484 confirmare
600 2433 768 2493 exercitum,
783 2443 869 2499 quum

70 2509 153 2557 anim
176 2503 329 2566 dverteret,
344 2504 460 2554 deorum
474 2517 576 2554 numen
591 2500 682 2552 facere
697 2515 806 2561 secum,
820 2497 869 2548 ho·
955 2515 957 2522 ·

70 2575 135 2626 min
170 2587 225 2639 que
236 2573 287 2627 sibi
297 2572 438 2623 conciliari
449 2563 607 2632 amiciores,
618 2569 692 2636 quod
703 2567 744 2619 his
754 2567 869 2620 studere

70 2645 276 2702 consuessent,
287 2654 354 2706 quos
365 2653 527 2692 conservare
538 2639 620 2690 iidem
630 2639 763 2689 riderent.
778 2633 781 2652 ¹

128 2711 184 2766 lll.
206 2709 358 2777 Postquam
372 2709 546 2766 induciarum
560 2703 706 2784 praeteriit
716 2706 793 2770 dies,
806 2703 857 2761 bar
