2054 2956
131 23 182 78 mo
230 1 794 78 ''xxvmrrrcvsxnxxrs
844 64 877 82 .,

130 130 216 194 urbe,
238 132 266 181 et
287 131 402 198 propter
411 143 476 179 suas
487 127 611 178 infinitas
622 128 746 192 occupati
755 141 818 180 ines
827 127 920 178 minus

130 213 228 264 saepe,
249 213 332 266 quarn
352 197 448 260 vellet,
467 199 557 250 Attico
573 195 729 259 imeretur,
750 195 844 248 nullus
860 195 920 247 dies
1016 243 1017 254 ,

130 273 237 321 temere
248 267 414 332 intercessit,
425 283 480 334 quo
491 281 546 316 non
557 267 593 335 ud
603 282 667 318 eum
677 266 824 328 scriberet,
835 281 922 333 quum
1016 279 1017 340 3

131 337 214 390 morlo
225 337 331 405 aliquid
341 337 376 388 de
387 335 554 404 antiquitate
565 337 599 388 ab
611 351 644 388 eo
655 337 824 404 requireret,
835 335 921 386 modo

131 407 252 475 aliquam
264 405 315 475 [ei]
327 409 518 476 quaestionem
529 407 666 473 poeticam
678 409 859 472 proponeret,
878 406 921 455 in·
1016 445 1017 466 ,

17 537 25 544 ‚
130 477 242 530 terdurn
256 479 351 529 iocans
371 478 432 527 eius
449 477 623 527 verbosiores
636 475 759 526 ‘eliceret
778 474 930 540 epistolas..
1016 471 1017 532 l

97 564 101 573 “
131 547 156 600 3.
176 550 218 600 Ex
228 561 289 615 quo
295 545 410 609 accidit,
421 560 505 612 quum
518 545 593 596 aedis
603 545 675 596 lovis
685 543 817 606 Feretrii,
827 545 857 593 in
869 543 921 595 Ca·
1016 561 1017 610 3

131 616 229 684 pitolio
240 617 274 668 ab
284 615 404 668 Romulo
414 617 583 684 constituta,v
599 619 739 665 vetustate
751 619 835 680 utque
845 615 921 664 incu·
964 655 969 662 .
1016 643 1017 656 ι

131 689 176 738 riu
186 687 296 738 detecta
306 684 512 753 prolaberetur,
522 691 554 736 ut
564 685 648 734 Attici
660 683 804 734 admonitu
816 683 921 735 Caesar

134 757 510 818 cumreliciendaurcuraret
543 751 569 803 4.
587 752 684 820 Neque
695 767 761 804 vero
772 753 806 804 ab
817 753 855 803 Μ.
866 753 920 804 iln-
1016 777 1017 780 =

132 827 211 877 tonio
223 826 313 876 minus
324 826 423 878 absens
434 824 536 875 litteris
548 821 706 873 colebaturt
725 821 809 884 adeo,
829 828 861 888 ut
876 835 922 873 ac·
1012 835 1015 844 ·

48 919 51 926 ·
133 900 229 958 curate
240 895 289 946 ille
301 909 335 946 ex
346 893 563 954 ultimisterris,
585 891 651 958 quid
661 897 771 958 ageret,
792 891 857 959 quid
874 906 921 942 cu-

132 979 181 1017 rae
212 965 266 1014 sibi
298 962 427 1026 haberet,
465 963 616 1030 certiorem
649 959 762 1018 faceret·
788 962 940 1012 Atticum·
1016 953 1017 1022 f

132 1032 158 1086 5.
176 1035 239 1085 Hoc
250 1033 332 1102 qualo
343 1034 391 1096 sit,
402 1032 512 1084 facilius
522 1031 741 1094 existimabitis,
760 1032 807 1098 qui
816 1031 921 1082 iudica·
994 1045 1002 1052 ·
1016 1043 1017 1046 ’

76 1129 82 1138 -
132 1119 163 1156 re
176 1103 293 1170 poterit,
314 1107 434 1170 quantae
449 1103 486 1152 sit
500 1099 667 1166 sapientiae,
687 1115 783 1152 eorum
797 1102 920 1152 retinere
1016 1111 1017 1144 i

131 1189 212 1224 usum
222 1169 510 1238 benevolentiamque,
519 1173 593 1222 iuter
603 1185 673 1238 quus
683 1171 868 1222 maximarum
876 1185 920 1224 re·
1016 1191 1017 1220 ;

133 1257 195 1293 rum
207 1256 262 1298 non
273 1241 363 1293 solum
373 1240 537 1301 aemulatio,
552 1239 601 1290 sed
613 1241 780 1291 obtrectatio
791 1245 870 1291 tanta
879 1241 928 1290 in·'
1016 1237 1017 1252 ¹

131 1311 305 1374 tercedebat,
340 1315 472 1378 quantam
497 1308 552 1376 fuit
571 1309 693 1374 incidere
713 1323 824 1360 necesse
844 1310 945 1361 iuter'
1016 1339 1017 1362 ι

132 1383 279 1435 Caesarem
289 1387 371 1450 atque
382 1379 542 1440 Antonium,
553 1394 639 1446 quum
649 1394 681 1430 se
689 1383 808 1446 uterque
818 1379 920 1444 princi·
1016 1411 1017 1434 ,

30 1483 40 1494 -
131 1466 195 1518 pem
206 1467 262 1504 non
273 1453 363 1504 solum
373 1451 451 1504 urbis
462 1450 617 1514 Romanae,
631 1447 681 1502 sed
692 1448 766 1502 orbis
777 1453 917 1524 terrarum
1016 1449 1017 1478 ³

131 1528 325 1589 essecuperet.
374 1543 377 1548 ·
955 1551 957 1554 -
1016 1581 1017 1586 Ἰ

184 1591 259 1647 xxi.
280 1591 342 1646 Tali
358 1591 441 1646 morlo
461 1607 544 1661 quum
566 1596 672 1660 septem
693 1594 722 1644 et
741 1587 920 1658 septuaginta
1016 1599 1017 1658 j

116 1675 220 1720 ,annos
230 1662 410 1728 complesset,
431 1668 515 1730 atque
527 1663 563 1714 ad
579 1668 731 1714 extremam
746 1664 919 1714 senectutem
1016 1703 1017 1710 ,

131 1733 288 1783 nonminus
305 1731 453 1800 (lignitate,
474 1748 556 1800 quam
571 1733 663 1800 gratia
677 1731 845 1798 fortunaque
860 1743 920 1780 cre·
1016 1729 1017 1798 J

97 1816 101 1822 ’
125 1804 229 1863 risset,
240 1801 354 1862 (multas
363 1803 438 1853 enim
448 1800 618 1854 hereditates
629 1801 708 1852 nulla
718 1798 774 1852 alia
785 1815 823 1864 re,
834 1794 920 1865 quara
1016 1805 1017 1808 ’

130 1871 269 1934 bonitate,
298 1877 342 1924 est
370 1871 545 1934 consecutus)
570 1875 703 1938 tantaque
732 1871 920 1936 prosperitate

131 1955 198 2006 usus
214 1944 289 1992 esset
308 1940 487 2003 valetudinis,
508 1945 540 1991 ut
557 1943 636 1992 aunis
656 1939 772 2008 triginta
781 1938 920 1992 medicina

61 1995 76 2050 ‘·
123 2007 921 2146 trierem{irim:serutaremur

94 2159 107 2177 s
131 2152 291 2211 tenesmon,
313 2150 363 2201 cui·
373 2150 499 2202 remedia
509 2150 612 2202 celeria
623 2149 772 2216 faciliaque
782 2159 921 2215 propone-

131 2217 243 2268 bantur.
291 2217 316 2270 3.
334 2207 367 2272 ln
386 2217 440 2278 boc
460 2235 546 2286 quum
566 2225 624 2271 tres
644 2233 754 2270 menses
772 2219 832 2268 sine
852 2215 921 2266 ullis
1016 2241 1017 2272 ι

133 2287 285 2348 doloribus,
294 2290 492 2358 praeterquam
505 2303 574 2356 quos
584 2303 621 2348 err
629 2289 774 2340 curatione
785 2286 921 2352 capiebat,

133 2357 344 2408 consumsisset:
355 2358 456 2409 'subito
465 2363 546 2416 tanta
565 2359 606 2408 vis
615 2356 704 2408 morbi
715 2357 744 2406 in
755 2371 841 2406 unum
851 2356 922 2406 inte·
1016 2351 1017 2400 l

133 2425 236 2474 sticum
249 2427 389 2492 prorupit,
408 2431 440 2476 ut
454 2432 580 2478 extremo
600 2431 726 2492 ternpore
746 2441 797 2492 per
810 2424 923 2476 lumboe
1016 2435 1017 2486 l

133 2493 327 2558 fistulaputris
339 2495 470 2559 eruperit.
505 2495 532 2545 4.
551 2497 640 2564 Atque
659 2493 882 2562 hocpriusquanr
895 2493 924 2545 ei
945 2499 950 2505 '
1016 2497 1017 2534 ἑ

133 2561 285 2622 accideret,
309 2569 457 2629 postquam
477 2563 505 2613 in
519 2563 578 2614 dics
590 2565 700 2615 dolores
710 2571 870 2616 accrescere
882 2562 923 2616 fe-

132 2627 251 2697 bresque
262 2631 410 2703 accessisse
421 2633 521 2698 sensit,
530 2633 680 2702 Agrippam
690 2647 824 2706 generum
839 2633 876 2688 ad
890 2648 922 2686 se
