2054 2956
175 82 178 88 ·
206 63 304 134 xxu.
323 67 543 122 AT'rlciis.
563 55 730 126 vl—vrrr.
816 71 864 126 ιιι

7 159 8 204 Ᾰ
62 169 247 240 suspiciones
258 185 368 238 quoque
383 172 486 224 ritaret
499 173 656 224 criminum.
692 174 755 236 Quo
772 173 865 236 fiebat,

74 247 107 293 ut
128 244 188 293 eins
208 241 385 292 obseruantia
405 244 530 293 omnibus
551 250 627 294 esset
650 245 754 305 carior,
779 259 863 311 quum

74 327 136 364 cam
148 310 253 372 officio,
264 325 319 360 non
332 312 425 361 tiniosi
437 328 525 380 neque
536 315 594 378 spei
606 314 691 364 trilmi
702 314 837 365 riderent.

53 427 56 436 .
127 381 188 434 Vll.
208 379 310 432 lncidit
321 381 518 431 Caesarianum
540 382 619 434 civile
637 381 757 444 belluni,
778 398 863 451 quum

38 485 55 511 ..
74 445 192 502 haberet
202 464 290 502 annos
303 449 415 503 circiter
430 453 583 518 sexaginta.
620 450 691 504 Vsus
703 458 749 504 est
764 453 864 504 aetatis
884 511 888 521 ¹

7 513 8 536 ³
74 513 231 581 vacatione,
261 535 350 586 neque
373 518 435 588 [se]
458 535 595 590 quoquam
621 522 707 573 movit
730 535 766 573 ex
786 524 863 584 urba

76 591 154 652 Quae
165 589 262 640 amicis
274 591 331 639 suis
343 603 412 655 opus
428 588 540 640 lucrant
560 590 595 642 ad
606 589 766 657 Pompeium
781 594 864 659 proli·
894 637 896 648 .
909 637 913 652 ,

75 660 255 720 tacentibus,
277 660 370 710 omnia
385 673 419 710 ex
430 673 480 709 sua
491 675 521 710 rc
533 659 664 711 familiari
675 659 761 716 dedit.
797 662 822 714 2
841 661 865 713 1·

74 744 154 796 psum
166 727 327 794 Pompeium
339 730 516 781 coniunctum
529 745 584 780 non
596 728 724 782 offendit:
755 731 863 782 nullum

75 797 173 866 [enim]
196 798 230 849 ab
242 813 275 850 eo
288 796 407 850 habebat
417 806 625 862 ornamentum,
654 807 687 852 ut
696 803 797 865 ceteri,
816 803 864 870 qui

17 914 21 923 ,
74 884 125 936 per
135 883 198 920 eum
215 873 264 918 aut
280 866 412 930 honores,
442 877 492 920 aut
507 869 617 920 diuitias
632 876 777 940 ceperant3
799 885 865 938 quo·

74 951 137 989 rum
156 939 258 1003 partim
275 939 433 988 invitissimi
454 945 547 992 castra
559 945 625 990 sunt
641 942 742 1003 secuti,
762 941 864 1006 partim

74 1021 184 1058 summa
207 1021 270 1056 cum
297 1009 357 1058 eius
383 1007 536 1060 offensione
561 1010 635 1060 domi
662 1017 864 1062 remanserunt.

75 1075 99 1128 3.
122 1075 204 1126 Attici
216 1081 308 1127 autem
323 1077 402 1143 quies
422 1081 568 1144 tantopere
584 1080 696 1132 Caesari
713 1079 766 1130 suit
775 1085 865 1146 grata,

74 1151 121 1208 ut,
139 1145 229 1196 victor
240 1162 325 1213 quum
337 1147 452 1212 privatis
463 1150 595 1212 pecunias
610 1164 659 1215 per
674 1149 806 1214 epistolas
815 1149 864 1198 im·

75 1219 201 1282 peraret,
220 1213 352 1298 huicprou
364 1215 455 1267 solum
473 1218 608 1269 molestus
624 1234 679 1268 nnn
694 1219 792 1280 luerit,
814 1217 864 1270 sed

37 1319 40 1328 ·
76 1287 160 1337 etiam
179 1287 282 1338 sororis
303 1286 391 1336 lilium
411 1291 440 1337 et
454 1287 487 1348 Q.
507 1289 669 1339 Ciceronem
690 1303 725 1340 ex
740 1287 866 1354 Pompeii

75 1355 173 1406 castris
184 1357 360 1408 concesserit.
384 1353 429 1408 Sic
437 1363 531 1409 vetere
541 1359 670 1409 instituto
681 1360 754 1410 ritae
766 1357 865 1426 effugit

74 1439 146 1474 nova
156 1425 287 1488 pericula.
386 1457 389 1462 -
930 1487 940 1495 μ

126 1489 200 1542 Vlll.
220 1491 351 1542 Secutum
362 1499 405 1544 est
416 1493 497 1544 illude
525 1496 622 1550 Occiso
634 1495 754 1548 Caesare
759 1533 767 1559 ‚
779 1511 864 1564 quum

74 1560 197 1626 respubl.
209 1575 293 1625 pernes
305 1559 408 1612 Brutos
419 1563 562 1616 videretur
574 1581 634 1616 esse
647 1571 676 1616 ct
687 1567 821 1629 Cassium,
831 1581 864 1618 ao

8 1633 9 1640 ’
74 1637 135 1687 totu
146 1630 244 1680 civitas
253 1644 283 1680 se
294 1630 329 1680 ad
340 1646 388 1682 eos
400 1635 568 1684 convertisse
579 1633 760 1702 [videretur]:
779 1635 804 1686 2
823 1637 863 1688 sic
901 1645 903 1651 '

74 1698 114 1751 M.
134 1699 224 1751 Bruto
235 1714 303 1749 usus
313 1703 370 1762 est,
389 1706 421 1751 ut
432 1700 509 1753 nullo
521 1701 569 1754 ille
580 1703 741 1756 adolescens
752 1706 863 1772 aequali
879 1697 884 1717 ¹

75 1769 256 1831 familiarius,
267 1785 349 1835 quam
361 1767 413 1821 hoc
424 1785 505 1834 sene,
515 1788 604 1840 neque
615 1773 705 1824 solum
716 1789 778 1825 eum
791 1776 864 1841 priu-

74 1839 162 1906 cipem
188 1839 296 1892 consilii
324 1837 452 1903 haberet,
480 1841 529 1894 sed
557 1843 642 1894 etiam
671 1844 700 1894 in
727 1847 863 1896 convictu

74 1907 99 1992 Q
117 1911 312 1977 Excogitatum
324 1916 367 1960 est
377 1925 394 1960 a
404 1911 583 1978 quibusdam,
596 1918 628 1963 ut
638 1913 774 1978 privatum
786 1929 864 1966 aera·

73 1993 145 2030 rrum
165 1981 292 2031 Caesaris
314 1980 541 2032 interfectoribus
565 1982 599 2034 ab
625 1984 764 2049 equitibus
783 1985 863 2046 llum.

73 2049 301 2101 constitueretur.
336 2049 367 2100 ld
379 2049 462 2102 facile
473 2051 545 2104 eliici
556 2067 636 2120 posse
647 2052 776 2106 arbitrati
788 2061 863 2119 sunt,

73 2119 97 2167 si
112 2123 141 2168 et
151 2118 295 2186 principes
309 2117 386 2170 illius
403 2121 508 2172 ordinis
523 2123 653 2188 pecunias
669 2124 862 2176 ctitrtulisseni.

72 2185 169 2254 ltaque
181 2189 337 2254 appellatus
349 2195 392 2241 cst
406 2203 423 2240 a
438 2192 467 2240 C.
489 2191 600 2255 Flavio,
619 2193 700 2244 Bruti
721 2185 863 2257 familiaii,
947 2233 951 2246 ,

72 2259 179 2310 Atticus
186 2293 194 2320 ,
206 2263 236 2309 ut
246 2259 306 2310 cius
316 2260 356 2311 rei
368 2260 493 2326 princeps
504 2275 564 2312 esse
576 2256 668 2318 vellet.
704 2261 730 2314 4.
748 2265 784 2316 At
803 2261 863 2326 ille,
963 2271 965 2275 '

72 2328 119 2394 qui
131 2327 223 2378 ollicia
235 2329 330 2379 amicis
341 2330 507 2394 praestanda
517 2331 577 2383 sine
586 2325 709 2398 §ctione
720 2332 861 2388 existima·

71 2401 129 2459 ret,
139 2408 304 2466 semperque
315 2413 332 2448 a
343 2398 445 2449 talibus
455 2415 485 2450 se
496 2401 619 2452 consiliis
630 2401 807 2460 removisset,
817 2415 860 2453 re·

71 2466 197 2534 sponditi
226 2464 250 2518 si
262 2467 331 2536 qirirl
337 2468 444 2520 Brutus
454 2469 489 2522 de
503 2471 561 2520 suis
572 2469 753 2523 facultatibus
764 2469 805 2520 uti
814 2485 862 2523 ro·

70 2528 183 2612 luisset,
194 2537 467 2686 usurum5Qum
478 2533 531 2592 hae
542 2546 719 2607 paterentur;
729 2555 759 2592 se
769 2554 861 2608 neque

72 2613 283 2674 cunt‘quuquam
295 2607 329 2658 de
407 2603 654 2674 [collocuturunm
674 2611 860 2679 nequecoitu-

9 2751 10 2754 Ἴ
73 2689 142 2728 ruru-
236 2675 286 2730 ille
297 2669 487 2780 οοηιξιιιῖοιιὶιι
498 2679 597 2748 globus
612 2679 694 2733 huius
714 2679 860 2734 cuiusdis-

129 2812 159 2832 .,
215 2735 275 2837 als
