2054 2956
209 91 674 190 'xxvnrrrcvsrrc
719 99 853 198 '3'107
921 168 926 176 ,
970 87 976 100 “

6 229 8 292 f
62 237 138 287 libro
150 237 287 303 persecuti
298 251 406 298 sumus,
426 249 507 304 quem
523 239 673 302 separatun
689 232 724 285 de
740 233 854 292 coieci-

6 341 8 370 ,
62 321 127 370 nnus
143 312 242 373 rogatu
254 307 309 358 'liti
321 306 465 373 Pomponii
476 306 567 358 llttici.
604 304 698 367 Quart
712 305 853 357 studiosos

6 415 8 436 ,
62 377 179 426 Catonis
190 375 305 426 adillud
315 375 443 428 volumen
454 375 624 444 delegamus.

6 473 8 532 l
59 483 854 562 mmmmmwseowmmoeooew
909 587 918 603 .

373 639 377 644 ’
396 613 520 688 XXV.

6 733 50 954 p
96 733 156 880 fc.
183 759 816 885 recurremusnoricus¹
910 792 916 801 ·

444 895 468 950 L
551 911 554 930 ι
660 895 663 900 ,

6 1003 7 1006 ’
70 967 111 1040 Τ·
140 967 350 1066 Pomponius
370 997 528 1063 Atticos,
560 998 595 1050 ab
620 999 727 1066 origine
751 997 852 1050 ultima

60 1067 167 1133 stirpis!
176 1067 318 1136 Romanae
334 1075 496 1134 generatus,
516 1074 653 1136 perpetuo
670 1083 687 1119 a
702 1071 852 1120 maioribus

6 1185 7 1204 1
61 1145 205 1202 acceptam
217 1143 374 1204 equestrem
385 1135 508 1188 obtinuit
518 1139 690 1206 dignitatem.
705 1139 709 1144 '
723 1139 748 1190 2.
768 1138 853 1190 Patre

6 1207 7 1272 l
61 1221 131 1256 usus
152 1211 195 1257 est
220 1207 367 1274 diligente,
388 1207 563 1274 indulgente,
585 1215 628 1270 ct,
648 1214 681 1258 ut
694 1214 752 1258 tum
772 1201 854 1266 erant

6 1295 7 1318 l
60 1281 203 1340 tempora,
233 1277 296 1339 diti,
326 1277 507 1344 inprimisque
532 1279 658 1332 studioso
684 1278 852 1330 litterarum.

61 1345 131 1406 llic,
151 1351 233 1411 prout
243 1348 302 1412 ipse
312 1347 424 1398 anrobat
433 1346 555 1411 litteras,
566 1347 693 1398 omnibus
710 1348 853 1410 doctrinis,
938 1375 941 1380 ·
1005 1351 1010 1365 '

62 1416 163 1482 quihus
174 1417 288 1481 puerilis
298 1422 376 1468 aetas
387 1413 525 1481 impertiri
540 1415 637 1479 debet,
658 1417 746 1468 lilium
762 1417 853 1468 erudi·

6 1485 7 1502 ¹
61 1488 110 1536 tit.
147 1481 172 1534 3.
193 1487 261 1536 Erat
277 1491 369 1536 autem
385 1487 414 1536 in
431 1499 531 1550 puero,
551 1491 663 1552 practer
678 1485 852 1537 docilitatem

60 1554 181 1622 ingenii,
192 1563 301 1607 summa
309 1556 431 1609 suavitas
440 1557 499 1606 'oris
509 1571 542 1606 ac
553 1557 641 1618 vocis,
651 1561 683 1605 ut
693 1571 749 1606 non
760 1555 851 1606 solum

62 1623 194 1676 celeriter·
205 1626 352 1690 acciperet,
364 1640 434 1692 quac
446 1625 642 1688 tradebantur,
651 1625 700 1676 scd
713 1626 795 1675 etiam
807 1638 853 1676 ex·

62 1693 199 1744 callenter
209 1695 413 1760 pronunciaret.
451 1695 513 1756 Qua
524 1710 556 1745 ex
569 1709 599 1746 re
609 1696 637 1744 in
648 1695 767 1762 pueritia
777 1695 853 1744 nobi.

62 1763 97 1814 lis
109 1766 184 1814 inter
195 1763 330 1831 aequales
336 1763 491 1826 ferebatur,
508 1763 853 1830 clariusqueexsplendes·

63 1834 158 1893 cubat,
171 1847 252 1900 quam
264 1835 391 1956 generosi
403 1833 586 1899 condiscipuli
636 1835 689 1883 'mo
700 1847 788 1900 aequo
799 1831 853 1884 ser-

62 1919 94 1954 re
105 1908 229 1968 possent.
284 1940 290 1952 .
309 1904 404 1970 ltaque
415 1904 537 1956 incitabo
652 1919 664 1954 s
680 1901 772 1953 studio
787 1916 852 1967 suo3

64 1987 118 2040 quo
129 1973 158 2024 io
169 1978 286 2024 numero
297 1967 410 2024 ludrunt
420 1974 453 2026 L.
465 1848 684 2039 Termi).
704 1971 811 2023 Marius
822 1973 853 2022 li-

62 2041 132 2107 lius,
152 2041 192 2091 Μ.
214 2043 323 2092 Cicero:
343 2057 410 2110 quos
421 2043 621 2094 consuetudine
633 2041 794 2094 suasicsibi
805 2041 852 2092 de·

63 2112 153 2174 uinxit
175 2109 299 2174 ueneno
310 2112 344 2160 iis
355 2119 490 2177 perpetuo
501 2111 587 2163 fuerit
597 2111 695 2162 carior.

114 2180 149 2232 ll.
158 2147 253 2231 b'ater
263 2186 372 2231 mature
390 2181 518 2232 decessit.
553 2183 614 2248 lpse
625 2179 852 2232 adolescentulus

62 2255 177 2316 propter
188 2248 351 2302 affinitatem
363 2249 392 2302 P.
410 2249 538 2316 Sulpicii,
557 2251 603 2318 qui
618 2251 866 2318 tribunusplebis.

61 2314 227 2370 interfectus
259 2325 314 2382 est,
346 2334 401 2370 non
428 2335 527 2388 expers
551 2320 607 2371 fuit
628 2321 703 2372 illius
728 2321 852 2386 periculi,

61 2388 189 2456 Namque
198 2390 308 2450 Anicia,
319 2389 464 2454 Pomponii
476 2389 655 2453 consobrina,
668 2394 800 2456 nupserat
811 2389 851 2444 M.

64 2457 179 2519 Servio,
200 2457 281 2508 fratri
292 2457 414 2524 Sulpicii.
449 2460 474 2510 2.
497 2459 594 2528 ltaque
604 2459 754 2510 interfecto
765 2457 855 2525 Sulpi·

6 2551 7 2556 =
63 2529 106 2578 cio
126 2532 308 2594 posteaquam
328 2528 410 2592 vidit,
429 2529 551 2582 Cinnano
571 2523 694 2580 tumultu
714 2529 852 2594 civitatem

6 2621 7 2626 =
64 2611 125 2658 esse
136 2597 432 2668 perturbatammequc
443 2598 494 2650 sibi
506 2600 566 2666 dari
579 2597 738 2649 facultatem
748 2612 800 2716 1pro
813 2599 853 2648 oi.

65 2667 170 2732 gnitate
181 2665 306 2731 vivendi,
328 2670 392 2736 quin
423 2668 589 2722 alterutram
605 2676 713 2733 partem
731 2681 747 2717 o
771 2666 851 2717 ende-

66 2741 121 2798 ret,
139 2733 295 2788 dissociatis
310 2729 533 2802 anbniscirium,
554 2752 637 2806 quum
655 2737 703 2788 alli
720 2735 850 2790 Sullanis,
