2032 2962
234 79 300 138 vu
318 49 638 142 nucrnrsossjv.
656 81 707 142 vr,
828 81 865 140 m

69 189 246 249 restituitur,
267 189 382 256 porique
397 189 497 242 absens
511 188 630 256 imperio
648 185 811 256 praeficitur
828 187 865 240 si-

68 259 126 312 nud
141 273 209 312 cum
224 255 404 324 Thrasybulo
422 262 453 321 et
466 255 647 310 Theramene.
675 255 701 310 5.
716 255 824 308 Horum
835 259 864 310 in

68 326 188 396 imperio
200 331 281 378 tanta
291 327 472 380 commutatio
482 341 576 386 rerum
588 325 864 390 tastamentum
907 348 910 362 ⁴

69 397 229 459 daemonii,
248 397 296 465 qui
310 394 406 464 paullo
417 397 482 448 ante
496 396 615 446 victores
630 395 788 463 riguerant,
803 411 864 464 per·
941 419 948 426 ·

69 469 164 521 territi
180 479 279 534 pacem
300 469 436 532 peterent.
459 462 532 515 Victi
544 464 617 516 enim
639 471 720 518 crant
740 467 863 535 quinque

70 537 187 606 proeliis
212 535 406 597 terrestribus,
435 534 524 586 tribus
546 533 705 598 navalibus,
725 535 864 604 inquimu

70 609 208 660 ducentas
232 619 315 657 naves
336 605 464 656 triremes
484 604 647 668 amiserant,
676 617 747 671 quae
767 610 865 673 captas

68 679 98 730 in
109 675 236 729 hostium
256 679 392 726 reuerent
411 677 589 740 potestatem.
616 673 642 726 b.
652 672 810 726 Alcibiades
829 676 863 726 sb

69 745 128 798 mul
138 759 203 798 cum
215 741 492 814 collegisvreceperat
504 743 623 806 lonium,
642 741 864 809 Hellespontum,

70 815 176 866 multas
186 820 336 882 praeterea
345 813 427 864 urbes
437 811 573 877 Graecas,
592 813 710 884 quaein
727 825 778 864 ora
792 812 863 866 situs
881 871 885 879 ⁸

69 883 240 946 sunthsiae,
261 897 378 952 quarum
390 887 585 950 expugnarant
595 881 764 948 complures,
781 881 811 932 in
820 879 864 934 his

69 953 255 1020 Byzantium
276 966 364 1019 neque
380 951 471 1003 minus
485 950 588 1003 multos
598 951 713 1004 consilio
723 951 760 1004 ad
770 953 863 1004 omici-

68 1025 138 1076 tiam
150 1021 351 1086 adiunxerant,
365 1019 438 1090 quod
449 1022 476 1072 in
487 1021 742 1087 captosclementia
752 1020 864 1074 fuerant

69 1095 122 1144 usi.
151 1091 177 1143 7.
188 1092 232 1144 ita
242 1090 348 1159 praeda
357 1091 464 1152 onusti,
474 1091 649 1159 locupletato
661 1091 796 1157 exercitu,
806 1105 862 1146 ina·

68 1162 152 1216 xlmis
161 1161 246 1214 rebus
256 1162 355 1228 gestis,
364 1155 488 1214 Athenas
498 1166 642 1214 venerunt.

120 1229 166 1284 Vl.
185 1230 238 1282 His
249 1245 334 1298 quum
350 1231 459 1284 obviam
473 1233 603 1284 universa
617 1231 715 1284 civitas
727 1231 756 1284 in
771 1229 863 1286 Pirae·

69 1315 133 1356 eum
145 1299 347 1363 descendisset,
357 1305 438 1352 tanta
447 1298 501 1351 fuit
511 1304 634 1354 omnium
644 1302 814 1369 exspectatio
824 1302 861 1353 vi·

69 1370 149 1423 nendi
160 1369 324 1433 Alcibiadis,
345 1375 377 1420 ut
397 1368 433 1422 ad
454 1371 513 1422 eius
529 1373 671 1425 triremem
687 1371 734 1422 vul
798 1385 862 1424 cou-

69 1439 185 1503 llucret,
205 1438 323 1506 proinde
334 1454 368 1491 ac
377 1439 401 1490 si
412 1439 488 1492 solus
499 1440 664 1496 advenisset.
687 1442 718 1494 2.
750 1443 777 1493 ic
787 1442 861 1496 enim

68 1509 174 1578 populo
186 1512 248 1561 erat
258 1523 435 1578 persuasum,
456 1515 486 1562 et
500 1510 630 1562 adversas
645 1512 819 1577 superiores,
834 1516 862 1562 et

68 1582 233 1647 praesentes
251 1577 387 1631 secundas
402 1593 448 1630 res
463 1578 596 1632 accidisse
612 1579 672 1629 eius
686 1593 781 1645 opera,
809 1579 862 1632 lta·

68 1665 123 1718 que
139 1651 168 1701 et
183 1645 294 1702 Siciliae
307 1647 455 1710 amissum,
475 1652 504 1698 et
524 1646 809 1700 Lacedaemoniorum
823 1648 861 1700 vi-

69 1719 173 1772 ctorias
184 1716 282 1784 culpae
292 1731 359 1768 suae
370 1717 537 1780 tribuebant,
548 1716 622 1784 quod
640 1716 727 1769 talem
746 1718 834 1774 mum
846 1733 862 1773 e

67 1789 184 1841 civitate
203 1785 383 1853 expulissent.
425 1784 521 1853 Neque
539 1785 569 1836 id
594 1786 653 1840 sine
678 1801 764 1840 eausa
788 1789 860 1841 arbi.
929 1825 932 1830 .
998 1801 999 1806 ¹

69 1857 139 1924 irari
149 1855 323 1908 videbantur.
346 1853 418 1908 Nam
428 1861 575 1923 postquam
585 1857 720 1910 exercitui
731 1871 860 1925 praeesse

69 1929 214 1992 coeperat,
234 1940 325 1992 neque
335 1931 412 1976 terra
422 1940 511 1994 neque
522 1927 591 1978 mari
602 1925 696 1979 hostes
707 1942 789 1994 pares
799 1941 860 1980 esse

68 1998 228 2062 potuerant
253 1992 278 2047 3.
288 1995 343 2046 iiic
353 2000 410 2046 ute
421 1997 483 2046 navi
493 2010 621 2064 egressus
631 2001 683 2060 est,
693 2010 859 2066 quamquam

69 2062 259 2134 Theramenes
274 2070 304 2116 ct
319 2063 513 2132 Thrasybulus
529 2066 633 2118 eisdem
648 2067 732 2120 rebus
747 2065 859 2134 praelo,

69 2139 161 2200 terant²
169 2133 308 2201 simulque
319 2138 453 2185 renerent
461 2136 490 2184 in
501 2134 661 2200 Piraeeum3
676 2142 771 2189 tamen
780 2135 858 2188 illum

68 2217 154 2256 unum
165 2217 262 2256 omncs
272 2202 524 2271 prosequebantur,
535 2209 571 2268 et,
582 2205 611 2257 id
622 2205 696 2274 quod
707 2219 858 2273 numquam

67 2279 151 2336 antea
160 2287 214 2324 usu
233 2278 363 2335 venerat,
383 2273 436 2324 nisi
447 2273 594 2341 Olympiae
604 2274 767 2337 victoribus,
779 2287 857 2326 coro-

67 2345 110 2395 nis
128 2342 225 2396 aureis
245 2343 394 2411 aeneisque
413 2341 497 2412 vulgo
517 2343 679 2397 donabatur.
707 2342 760 2396 lile
778 2339 857 2396 lucri·
992 2399 993 2412 χ

66 2427 150 2467 mans
170 2411 256 2466 talem
271 2411 492 2466 benevolentiam
507 2412 606 2466 civium
617 2427 731 2466 suorum
741 2414 865 2483 accipie·'
934 2449 939 2458 -

67 2483 128 2546 hat,
147 2482 330 2536 reminiscens
342 2483 452 2549 pristini
462 2484 597 2549 temporis
606 2483 796 2536 acerbitatem.
831 2483 856 2538 4

66 2551 221 2622 Postquam
236 2556 299 2606 astu
313 2553 403 2617 venit,
423 2553 556 2606 concione
571 2552 705 2606 advocata
718 2554 758 2606 sic
772 2552 857 2604 rerba

67 2618 147 2684 iecit,
166 2625 200 2672 ut
219 2633 302 2674 nemo
323 2627 381 2672 tam
404 2619 596 2685 ierussfuerit,
613 2623 680 2691 qum
694 2624 857 2676 eiuscasuro

67 2689 240 2752 intruserit,
261 2689 459 2770 inimicumque
470 2690 857 2761 bhseostcndent,quorun

111 2843 119 2854 ι

12 2861 151 2895 Q-
