<?xml version="1.0" encoding="UTF-8"?>
<!DOCTYPE html PUBLIC "-//W3C//DTD XHTML 1.0 Transitional//EN"
    "http://www.w3.org/TR/xhtml1/DTD/xhtml1-transitional.dtd">
<html xmlns="http://www.w3.org/1999/xhtml" xml:lang="en" lang="en">
 <head>
  <title>
</title>
<meta http-equiv="Content-Type" content="text/html;charset=utf-8" />
  <meta name='ocr-system' content='tesseract 3.04.00' />
  <meta name='ocr-capabilities' content='ocr_page ocr_carea ocr_par ocr_line ocrx_word'/>
</head>
<body>
  <div class='ocr_page' id='page_1' title='image "./corneliinepotis00weisgoog_0094.png"; bbox 0 0 2054 2956; ppageno 0'>
   <div class='ocr_carea' id='block_1_1' title="bbox 190 49 851 168">
    <p class='ocr_par' dir='ltr' id='par_1_1' title="bbox 190 49 851 168">
     <span class='ocr_line' id='line_1_1' title="bbox 190 49 851 168; baseline 0.006 -32"><span class='ocrx_word' id='word_1_1' title='bbox 190 49 323 168; x_wconf 41' lang='lat' dir='ltr'><strong>savus</strong></span> <span class='ocrx_word' id='word_1_2' title='bbox 342 75 584 146; x_wconf 77' lang='lat' dir='ltr'><strong>armenus</strong></span> <span class='ocrx_word' id='word_1_3' title='bbox 602 85 656 144; x_wconf 81' lang='lat' dir='ltr'><strong>tv.</strong></span> <span class='ocrx_word' id='word_1_4' title='bbox 675 86 710 140; x_wconf 88' lang='lat' dir='ltr'><strong>v.</strong></span> <span class='ocrx_word' id='word_1_5' title='bbox 815 91 851 144; x_wconf 78' lang='lat' dir='ltr'><strong>ro</strong></span> 
     </span>
    </p>
   </div>
   <div class='ocr_carea' id='block_1_2' title="bbox 11 189 939 262">
    <p class='ocr_par' dir='ltr' id='par_1_2' title="bbox 11 189 939 262">
     <span class='ocr_line' id='line_1_2' title="bbox 11 189 939 262; baseline -0.001 -16"><span class='ocrx_word' id='word_1_6' title='bbox 11 231 13 254; x_wconf 68' lang='grc'><strong>,</strong></span> <span class='ocrx_word' id='word_1_7' title='bbox 68 193 142 262; x_wconf 82' lang='lat' dir='ltr'><strong>prius</strong></span> <span class='ocrx_word' id='word_1_8' title='bbox 154 189 282 244; x_wconf 81' lang='lat' dir='ltr'><strong>distracti</strong></span> <span class='ocrx_word' id='word_1_9' title='bbox 297 194 375 252; x_wconf 89' lang='lat' dir='ltr'><strong>suut,</strong></span> <span class='ocrx_word' id='word_1_10' title='bbox 390 205 475 257; x_wconf 85' lang='lat' dir='ltr'><strong>quam</strong></span> <span class='ocrx_word' id='word_1_11' title='bbox 489 189 611 242; x_wconf 87' lang='lat' dir='ltr'><strong>alterum</strong></span> <span class='ocrx_word' id='word_1_12' title='bbox 620 193 719 243; x_wconf 86' lang='lat' dir='ltr'><strong>anima</strong></span> <span class='ocrx_word' id='word_1_13' title='bbox 732 191 851 262; x_wconf 86' lang='lat' dir='ltr'><strong>relique-</strong></span> <span class='ocrx_word' id='word_1_14' title='bbox 937 209 939 217; x_wconf 67' lang='grc'>’</span> 
     </span>
    </p>
   </div>
   <div class='ocr_carea' id='block_1_3' title="bbox 11 249 850 402">
    <p class='ocr_par' dir='ltr' id='par_1_3' title="bbox 11 249 850 402">
     <span class='ocr_line' id='line_1_3' title="bbox 67 249 850 327; baseline -0.001 -12"><span class='ocrx_word' id='word_1_15' title='bbox 67 265 110 316; x_wconf 89' lang='lat' dir='ltr'><strong>rit.</strong></span> <span class='ocrx_word' id='word_1_16' title='bbox 143 259 183 312; x_wconf 82' lang='lat' dir='ltr'><strong>Ab</strong></span> <span class='ocrx_word' id='word_1_17' title='bbox 196 249 249 310; x_wconf 81' lang='lat' dir='ltr'><strong>boe</strong></span> <span class='ocrx_word' id='word_1_18' title='bbox 259 259 367 327; x_wconf 85' lang='lat' dir='ltr'><strong>aliquot</strong></span> <span class='ocrx_word' id='word_1_19' title='bbox 378 259 612 326; x_wconf 82' lang='lat' dir='ltr'><strong>plagisEurnenes</strong></span> <span class='ocrx_word' id='word_1_20' title='bbox 622 262 793 325; x_wconf 81' lang='lat' dir='ltr'><strong>vulneratur,</strong></span> <span class='ocrx_word' id='word_1_21' title='bbox 805 277 850 314; x_wconf 91' lang='lat' dir='ltr'><strong>ne-</strong></span> 
     </span>
     <span class='ocr_line' id='line_1_4' title="bbox 11 329 849 402; baseline -0.001 -20"><span class='ocrx_word' id='word_1_22' title='bbox 11 357 13 366; x_wconf 47' lang='lat'>*</span> <span class='ocrx_word' id='word_1_23' title='bbox 67 347 118 402; x_wconf 88' lang='lat' dir='ltr'><strong>que</strong></span> <span class='ocrx_word' id='word_1_24' title='bbox 129 345 162 382; x_wconf 90' lang='lat' dir='ltr'><strong>eo</strong></span> <span class='ocrx_word' id='word_1_25' title='bbox 171 330 257 396; x_wconf 79' lang='lat' dir='ltr'><strong>magis</strong></span> <span class='ocrx_word' id='word_1_26' title='bbox 263 344 298 380; x_wconf 84' lang='lat' dir='ltr'><strong>ex</strong></span> <span class='ocrx_word' id='word_1_27' title='bbox 303 329 409 394; x_wconf 83' lang='lat' dir='ltr'><strong>proelio</strong></span> <span class='ocrx_word' id='word_1_28' title='bbox 416 329 544 392; x_wconf 80' lang='lat' dir='ltr'><strong>excessit,</strong></span> <span class='ocrx_word' id='word_1_29' title='bbox 555 329 702 380; x_wconf 87' lang='lat' dir='ltr'><strong>sadacrius</strong></span> <span class='ocrx_word' id='word_1_30' title='bbox 711 329 849 383; x_wconf 85' lang='lat' dir='ltr'><strong>bostesin-</strong></span> 
     </span>
    </p>
   </div>
   <div class='ocr_carea' id='block_1_4' title="bbox 67 367 1016 468">
    <p class='ocr_par' dir='ltr' id='par_1_4' title="bbox 67 367 1016 468">
     <span class='ocr_line' id='line_1_5' title="bbox 67 367 1016 468; baseline 0.001 -16"><span class='ocrx_word' id='word_1_31' title='bbox 67 383 850 468; x_wconf 62' lang='lat' dir='ltr'><strong>stitit.inilleequitibusprofligadainterfeetoduceCra·</strong></span> <span class='ocrx_word' id='word_1_32' title='bbox 887 401 915 464; x_wconf 71' lang='lat' dir='ltr'><strong>v.&#39;</strong></span> <span class='ocrx_word' id='word_1_33' title='bbox 946 429 953 450; x_wconf 62' lang='lat'>⁴</span> <span class='ocrx_word' id='word_1_34' title='bbox 1012 367 1016 376; x_wconf 22' lang='lat'><em>*</em></span> 
     </span>
    </p>
   </div>
   <div class='ocr_carea' id='block_1_5' title="bbox 11 466 896 604">
    <p class='ocr_par' dir='ltr' id='par_1_5' title="bbox 11 466 896 604">
     <span class='ocr_line' id='line_1_6' title="bbox 11 466 850 537; baseline 0 -14"><span class='ocrx_word' id='word_1_35' title='bbox 11 481 12 490; x_wconf 59' lang='lat'>¹</span> <span class='ocrx_word' id='word_1_36' title='bbox 43 499 45 506; x_wconf 69' lang='lat'><strong>,</strong></span> <span class='ocrx_word' id='word_1_37' title='bbox 66 466 850 537; x_wconf 66' lang='lat' dir='ltr'><strong>tero‚umltispraetereaetmaximenobilibuscaptiape·</strong></span> 
     </span>
     <span class='ocr_line' id='line_1_7' title="bbox 11 535 896 604; baseline -0.002 -12"><span class='ocrx_word' id='word_1_38' title='bbox 11 597 12 604; x_wconf 8' lang='grc' dir='ltr'>χ</span> <span class='ocrx_word' id='word_1_39' title='bbox 66 541 156 592; x_wconf 87' lang='lat' dir='ltr'><strong>dester</strong></span> <span class='ocrx_word' id='word_1_40' title='bbox 167 536 393 603; x_wconf 82' lang='lat' dir='ltr'><strong>exercitus,quod</strong></span> <span class='ocrx_word' id='word_1_41' title='bbox 404 539 477 588; x_wconf 87' lang='lat' dir='ltr'><strong>inea</strong></span> <span class='ocrx_word' id='word_1_42' title='bbox 487 535 550 588; x_wconf 81' lang='lat' dir='ltr'><strong>loca</strong></span> <span class='ocrx_word' id='word_1_43' title='bbox 560 537 849 601; x_wconf 88' lang='lat' dir='ltr'><strong>eratdeduetus‚uti·n-</strong></span> <span class='ocrx_word' id='word_1_44' title='bbox 872 535 896 572; x_wconf 65' lang='lat' dir='ltr'><strong>‘e</strong></span> 
     </span>
    </p>
   </div>
   <div class='ocr_carea' id='block_1_6' title="bbox 914 475 964 622">
    <p class='ocr_par' dir='ltr' id='par_1_6' title="bbox 914 475 997 622">
     <span class='ocr_line' id='line_1_8' title="bbox 914 475 964 622; baseline -0.169 0"><span class='ocrx_word' id='word_1_45' title='bbox 914 475 964 622; x_wconf 74' lang='lat' dir='ltr'><strong>l.</strong></span> 
     </span>
    </p>
   </div>
   <div class='ocr_carea' id='block_1_7' title="bbox 11 607 1016 814">
    <p class='ocr_par' dir='ltr' id='par_1_7' title="bbox 11 607 1016 814">
     <span class='ocr_line' id='line_1_9' title="bbox 64 607 1016 674; baseline -0.003 -14"><span class='ocrx_word' id='word_1_46' title='bbox 64 611 119 660; x_wconf 79' lang='lat' dir='ltr'><strong>sito</strong></span> <span class='ocrx_word' id='word_1_47' title='bbox 129 607 254 663; x_wconf 81' lang='lat' dir='ltr'><strong>Eumene</strong></span> <span class='ocrx_word' id='word_1_48' title='bbox 270 607 343 658; x_wconf 89' lang='lat' dir='ltr'><strong>elabi</strong></span> <span class='ocrx_word' id='word_1_49' title='bbox 358 621 414 658; x_wconf 90' lang='lat' dir='ltr'><strong>non</strong></span> <span class='ocrx_word' id='word_1_50' title='bbox 428 610 539 673; x_wconf 86' lang='lat' dir='ltr'><strong>posset,</strong></span> <span class='ocrx_word' id='word_1_51' title='bbox 551 621 648 674; x_wconf 78' lang='lat' dir='ltr'><strong>paceni</strong></span> <span class='ocrx_word' id='word_1_52' title='bbox 662 607 697 658; x_wconf 89' lang='lat' dir='ltr'><strong>ab</strong></span> <span class='ocrx_word' id='word_1_53' title='bbox 713 621 747 658; x_wconf 87' lang='lat' dir='ltr'><strong>eo</strong></span> <span class='ocrx_word' id='word_1_54' title='bbox 763 610 850 674; x_wconf 82' lang='lat' dir='ltr'><strong>petiit.</strong></span> <span class='ocrx_word' id='word_1_55' title='bbox 1015 663 1016 668; x_wconf 7' lang='grc' dir='ltr'>ἵ</span> 
     </span>
     <span class='ocr_line' id='line_1_10' title="bbox 66 673 913 752; baseline 0.001 -24"><span class='ocrx_word' id='word_1_56' title='bbox 66 681 154 744; x_wconf 74' lang='lat' dir='ltr'><strong>Quam</strong></span> <span class='ocrx_word' id='word_1_57' title='bbox 166 691 249 745; x_wconf 89' lang='lat' dir='ltr'><strong>quum</strong></span> <span class='ocrx_word' id='word_1_58' title='bbox 259 676 488 744; x_wconf 81' lang='lat' dir='ltr'><strong>impetrasset,in</strong></span> <span class='ocrx_word' id='word_1_59' title='bbox 498 676 553 728; x_wconf 83' lang='lat' dir='ltr'><strong>tide</strong></span> <span class='ocrx_word' id='word_1_60' title='bbox 568 691 625 727; x_wconf 87' lang='lat' dir='ltr'><strong>non</strong></span> <span class='ocrx_word' id='word_1_61' title='bbox 639 673 754 752; x_wconf 63' lang='lat' dir='ltr'><strong>marrsit,</strong></span> <span class='ocrx_word' id='word_1_62' title='bbox 768 682 797 728; x_wconf 90' lang='lat' dir='ltr'><strong>et</strong></span> <span class='ocrx_word' id='word_1_63' title='bbox 811 691 851 740; x_wconf 86' lang='lat' dir='ltr'><strong>sc,</strong></span> <span class='ocrx_word' id='word_1_64' title='bbox 905 724 913 742; x_wconf 59' lang='lat'><strong>,</strong></span> 
     </span>
     <span class='ocr_line' id='line_1_11' title="bbox 11 745 922 814; baseline -0.012 -12"><span class='ocrx_word' id='word_1_65' title='bbox 11 765 12 786; x_wconf 75' lang='lat'><em>³</em></span> <span class='ocrx_word' id='word_1_66' title='bbox 67 745 149 802; x_wconf 87' lang='lat' dir='ltr'><strong>simul</strong></span> <span class='ocrx_word' id='word_1_67' title='bbox 159 761 191 797; x_wconf 89' lang='lat' dir='ltr'><strong>ac</strong></span> <span class='ocrx_word' id='word_1_68' title='bbox 201 747 304 812; x_wconf 87' lang='lat' dir='ltr'><strong>potuit,</strong></span> <span class='ocrx_word' id='word_1_69' title='bbox 315 745 351 796; x_wconf 92' lang='lat' dir='ltr'><strong>ad</strong></span> <span class='ocrx_word' id='word_1_70' title='bbox 361 746 536 812; x_wconf 81' lang='lat' dir='ltr'><strong>Antipatrum</strong></span> <span class='ocrx_word' id='word_1_71' title='bbox 547 747 661 814; x_wconf 81' lang='lat' dir='ltr'><strong>recepit,</strong></span> <span class='ocrx_word' id='word_1_72' title='bbox 702 745 728 800; x_wconf 82' lang='lat'><strong>4.</strong></span> <span class='ocrx_word' id='word_1_73' title='bbox 751 746 851 800; x_wconf 77' lang='lat' dir='ltr'><strong>Eume·</strong></span> <span class='ocrx_word' id='word_1_74' title='bbox 905 750 922 804; x_wconf 61' lang='lat' dir='ltr'><strong>t„</strong></span> 
     </span>
    </p>
   </div>
   <div class='ocr_carea' id='block_1_8' title="bbox 64 815 877 1162">
    <p class='ocr_par' dir='ltr' id='par_1_8' title="bbox 64 815 877 1162">
     <span class='ocr_line' id='line_1_12' title="bbox 65 815 851 881; baseline -0.003 -12"><span class='ocrx_word' id='word_1_75' title='bbox 65 832 113 869; x_wconf 88' lang='lat' dir='ltr'><strong>nes</strong></span> <span class='ocrx_word' id='word_1_76' title='bbox 124 816 284 878; x_wconf 85' lang='lat' dir='ltr'><strong>Craterum,</strong></span> <span class='ocrx_word' id='word_1_77' title='bbox 293 830 330 868; x_wconf 81' lang='lat' dir='ltr'><strong>ex</strong></span> <span class='ocrx_word' id='word_1_78' title='bbox 342 815 401 866; x_wconf 87' lang='lat' dir='ltr'><strong>acie</strong></span> <span class='ocrx_word' id='word_1_79' title='bbox 416 816 577 868; x_wconf 79' lang='lat' dir='ltr'><strong>semivirum</strong></span> <span class='ocrx_word' id='word_1_80' title='bbox 591 815 695 881; x_wconf 82' lang='lat' dir='ltr'><strong>elatum</strong></span> <span class='ocrx_word' id='word_1_81' title='bbox 702 851 711 879; x_wconf 91' lang='lat'><strong><em>‚</em></strong></span> <span class='ocrx_word' id='word_1_82' title='bbox 723 829 851 868; x_wconf 85' lang='lat' dir='ltr'><strong>recreare</strong></span> 
     </span>
     <span class='ocr_line' id='line_1_13' title="bbox 66 883 852 956; baseline -0.003 -18"><span class='ocrx_word' id='word_1_83' title='bbox 66 885 178 938; x_wconf 80' lang='lat' dir='ltr'><strong>studuit.</strong></span> <span class='ocrx_word' id='word_1_84' title='bbox 198 885 290 947; x_wconf 67' lang='lat' dir='ltr'><strong>Quum</strong></span> <span class='ocrx_word' id='word_1_85' title='bbox 299 885 329 938; x_wconf 90' lang='lat' dir='ltr'><strong>id</strong></span> <span class='ocrx_word' id='word_1_86' title='bbox 339 883 394 935; x_wconf 83' lang='lat' dir='ltr'><strong>bon</strong></span> <span class='ocrx_word' id='word_1_87' title='bbox 406 890 566 952; x_wconf 69' lang='lat' dir='ltr'><strong>possetque</strong></span> <span class='ocrx_word' id='word_1_88' title='bbox 577 884 695 938; x_wconf 88' lang='lat' dir='ltr'><strong>bominis</strong></span> <span class='ocrx_word' id='word_1_89' title='bbox 706 885 852 956; x_wconf 72' lang='lat' dir='ltr'><strong>dignitate,</strong></span> 
     </span>
     <span class='ocr_line' id='line_1_14' title="bbox 66 953 851 1024; baseline 0.003 -18"><span class='ocrx_word' id='word_1_90' title='bbox 66 967 170 1024; x_wconf 77' lang='lat' dir='ltr'><strong>proque</strong></span> <span class='ocrx_word' id='word_1_91' title='bbox 180 955 296 1020; x_wconf 80' lang='lat' dir='ltr'><strong>pristina</strong></span> <span class='ocrx_word' id='word_1_92' title='bbox 306 955 429 1004; x_wconf 89' lang='lat' dir='ltr'><strong>amicitia</strong></span> <span class='ocrx_word' id='word_1_93' title='bbox 437 957 567 1023; x_wconf 88' lang='lat' dir='ltr'><strong>(namque</strong></span> <span class='ocrx_word' id='word_1_94' title='bbox 576 954 626 1007; x_wconf 89' lang='lat' dir='ltr'><strong>illo</strong></span> <span class='ocrx_word' id='word_1_95' title='bbox 639 966 704 1006; x_wconf 88' lang='lat' dir='ltr'><strong>usus</strong></span> <span class='ocrx_word' id='word_1_96' title='bbox 714 953 851 1017; x_wconf 74' lang='lat' dir='ltr'><strong>erat,1lle·</strong></span> 
     </span>
     <span class='ocr_line' id='line_1_15' title="bbox 64 1022 877 1090; baseline -0.002 -14"><span class='ocrx_word' id='word_1_97' title='bbox 64 1023 171 1076; x_wconf 79' lang='lat' dir='ltr'><strong>sundro</strong></span> <span class='ocrx_word' id='word_1_98' title='bbox 181 1023 259 1086; x_wconf 49' lang='lat' dir='ltr'><strong>trivo,</strong></span> <span class='ocrx_word' id='word_1_99' title='bbox 268 1022 456 1087; x_wconf 81' lang='lat' dir='ltr'><strong>familiariter)</strong></span> <span class='ocrx_word' id='word_1_100' title='bbox 467 1023 559 1090; x_wconf 84' lang='lat' dir='ltr'><strong>amplo</strong></span> <span class='ocrx_word' id='word_1_101' title='bbox 568 1023 667 1077; x_wconf 83' lang='lat' dir='ltr'><strong>funera</strong></span> <span class='ocrx_word' id='word_1_102' title='bbox 682 1023 795 1087; x_wconf 82' lang='lat' dir='ltr'><strong>extulit,</strong></span> <span class='ocrx_word' id='word_1_103' title='bbox 808 1037 852 1074; x_wconf 84' lang='lat' dir='ltr'><strong>os·</strong></span> <span class='ocrx_word' id='word_1_104' title='bbox 862 1041 877 1054; x_wconf 58' lang='lat'>⁵</span> 
     </span>
     <span class='ocr_line' id='line_1_16' title="bbox 65 1091 834 1162; baseline 0.001 -20"><span class='ocrx_word' id='word_1_105' title='bbox 65 1107 151 1162; x_wconf 80' lang='lat' dir='ltr'><strong>saque</strong></span> <span class='ocrx_word' id='word_1_106' title='bbox 162 1092 191 1142; x_wconf 87' lang='lat' dir='ltr'><strong>in</strong></span> <span class='ocrx_word' id='word_1_107' title='bbox 201 1091 395 1152; x_wconf 83' lang='lat' dir='ltr'><strong>Macedoniam</strong></span> <span class='ocrx_word' id='word_1_108' title='bbox 405 1094 485 1144; x_wconf 83' lang='lat' dir='ltr'><strong>uxori</strong></span> <span class='ocrx_word' id='word_1_109' title='bbox 497 1095 558 1146; x_wconf 85' lang='lat' dir='ltr'><strong>eius</strong></span> <span class='ocrx_word' id='word_1_110' title='bbox 569 1108 601 1144; x_wconf 89' lang='lat' dir='ltr'><strong>ac</strong></span> <span class='ocrx_word' id='word_1_111' title='bbox 610 1093 706 1146; x_wconf 88' lang='lat' dir='ltr'><strong>liberis</strong></span> <span class='ocrx_word' id='word_1_112' title='bbox 717 1094 834 1144; x_wconf 81' lang='lat' dir='ltr'><strong>remisit.</strong></span> 
     </span>
    </p>
   </div>
   <div class='ocr_carea' id='block_1_9' title="bbox 117 1159 931 1230">
    <p class='ocr_par' dir='ltr' id='par_1_9' title="bbox 117 1159 931 1230">
     <span class='ocr_line' id='line_1_17' title="bbox 117 1159 931 1230; baseline 0.001 -16"><span class='ocrx_word' id='word_1_113' title='bbox 117 1159 148 1214; x_wconf 91' lang='lat' dir='ltr'><strong>V.</strong></span> <span class='ocrx_word' id='word_1_114' title='bbox 166 1159 246 1214; x_wconf 84' lang='lat' dir='ltr'><strong>llaec</strong></span> <span class='ocrx_word' id='word_1_115' title='bbox 256 1162 320 1213; x_wconf 84' lang='lat' dir='ltr'><strong>durn</strong></span> <span class='ocrx_word' id='word_1_116' title='bbox 333 1161 625 1230; x_wconf 81' lang='lat' dir='ltr'><strong>apudllellespontum</strong></span> <span class='ocrx_word' id='word_1_117' title='bbox 632 1167 776 1230; x_wconf 83' lang='lat' dir='ltr'><strong>geruntur,</strong></span> <span class='ocrx_word' id='word_1_118' title='bbox 786 1161 852 1214; x_wconf 83' lang='lat' dir='ltr'><strong>Per·</strong></span> <span class='ocrx_word' id='word_1_119' title='bbox 927 1195 931 1206; x_wconf 49' lang='grc' dir='ltr'><em>ι</em></span> 
     </span>
    </p>
   </div>
   <div class='ocr_carea' id='block_1_10' title="bbox 66 1229 853 1298">
    <p class='ocr_par' dir='ltr' id='par_1_10' title="bbox 66 1229 853 1298">
     <span class='ocr_line' id='line_1_18' title="bbox 66 1229 853 1298; baseline -0.001 -14"><span class='ocrx_word' id='word_1_120' title='bbox 66 1231 158 1284; x_wconf 83' lang='lat' dir='ltr'><strong>diceas</strong></span> <span class='ocrx_word' id='word_1_121' title='bbox 169 1231 244 1298; x_wconf 82' lang='lat' dir='ltr'><strong>apud</strong></span> <span class='ocrx_word' id='word_1_122' title='bbox 253 1229 357 1292; x_wconf 69' lang='lat' dir='ltr'><strong>flunmen</strong></span> <span class='ocrx_word' id='word_1_123' title='bbox 368 1231 463 1286; x_wconf 87' lang='lat' dir='ltr'><strong>Nilum</strong></span> <span class='ocrx_word' id='word_1_124' title='bbox 476 1233 643 1284; x_wconf 79' lang='lat' dir='ltr'><strong>interficitur</strong></span> <span class='ocrx_word' id='word_1_125' title='bbox 657 1248 674 1284; x_wconf 83' lang='lat' dir='ltr'><strong>a</strong></span> <span class='ocrx_word' id='word_1_126' title='bbox 689 1231 807 1292; x_wconf 80' lang='lat' dir='ltr'><strong>Seleuco</strong></span> <span class='ocrx_word' id='word_1_127' title='bbox 823 1235 853 1283; x_wconf 83' lang='lat' dir='ltr'><strong>et</strong></span> 
     </span>
    </p>
   </div>
   <div class='ocr_carea' id='block_1_11' title="bbox 64 1300 917 1371">
    <p class='ocr_par' dir='ltr' id='par_1_11' title="bbox 64 1300 917 1371">
     <span class='ocr_line' id='line_1_19' title="bbox 64 1300 917 1371; baseline -0.002 -17"><span class='ocrx_word' id='word_1_128' title='bbox 64 1303 219 1371; x_wconf 57' lang='lat' dir='ltr'><strong>Antigonum</strong></span> <span class='ocrx_word' id='word_1_129' title='bbox 234 1315 384 1370; x_wconf 83' lang='lat' dir='ltr'><strong>rerumque</strong></span> <span class='ocrx_word' id='word_1_130' title='bbox 398 1315 506 1354; x_wconf 84' lang='lat' dir='ltr'><strong>samma</strong></span> <span class='ocrx_word' id='word_1_131' title='bbox 521 1301 556 1354; x_wconf 90' lang='lat' dir='ltr'><strong>ad</strong></span> <span class='ocrx_word' id='word_1_132' title='bbox 570 1302 745 1368; x_wconf 81' lang='lat' dir='ltr'><strong>Antipatrum</strong></span> <span class='ocrx_word' id='word_1_133' title='bbox 762 1300 852 1356; x_wconf 82' lang='lat' dir='ltr'><strong>defer·</strong></span> <span class='ocrx_word' id='word_1_134' title='bbox 914 1329 917 1352; x_wconf 58' lang='lat' dir='ltr'><strong>n</strong></span> 
     </span>
    </p>
   </div>
   <div class='ocr_carea' id='block_1_12' title="bbox 31 1367 854 2064">
    <p class='ocr_par' dir='ltr' id='par_1_12' title="bbox 31 1367 854 2064">
     <span class='ocr_line' id='line_1_20' title="bbox 63 1367 853 1438; baseline -0.004 -14"><span class='ocrx_word' id='word_1_135' title='bbox 63 1376 122 1424; x_wconf 77' lang='lat' dir='ltr'><strong>tur.</strong></span> <span class='ocrx_word' id='word_1_136' title='bbox 155 1372 222 1433; x_wconf 85' lang='lat' dir='ltr'><strong>Hic,</strong></span> <span class='ocrx_word' id='word_1_137' title='bbox 234 1371 281 1438; x_wconf 89' lang='lat' dir='ltr'><strong>qui</strong></span> <span class='ocrx_word' id='word_1_138' title='bbox 291 1371 487 1436; x_wconf 77' lang='lat' dir='ltr'><strong>deseruerant,</strong></span> <span class='ocrx_word' id='word_1_139' title='bbox 498 1373 622 1426; x_wconf 80' lang='lat' dir='ltr'><strong>exercitu</strong></span> <span class='ocrx_word' id='word_1_140' title='bbox 636 1369 800 1438; x_wconf 77' lang='lat' dir='ltr'><strong>suffragium</strong></span> <span class='ocrx_word' id='word_1_141' title='bbox 814 1367 853 1422; x_wconf 82' lang='lat' dir='ltr'><strong>se·</strong></span> 
     </span>
     <span class='ocr_line' id='line_1_21' title="bbox 65 1439 852 1507; baseline -0.003 -15"><span class='ocrx_word' id='word_1_142' title='bbox 65 1446 156 1505; x_wconf 87' lang='lat' dir='ltr'><strong>rente,</strong></span> <span class='ocrx_word' id='word_1_143' title='bbox 175 1441 273 1507; x_wconf 81' lang='lat' dir='ltr'><strong>capitis</strong></span> <span class='ocrx_word' id='word_1_144' title='bbox 294 1441 423 1494; x_wconf 81' lang='lat' dir='ltr'><strong>absentes</strong></span> <span class='ocrx_word' id='word_1_145' title='bbox 437 1442 617 1494; x_wconf 75' lang='lat' dir='ltr'><strong>damnanturs</strong></span> <span class='ocrx_word' id='word_1_146' title='bbox 645 1441 675 1490; x_wconf 89' lang='lat' dir='ltr'><strong>in</strong></span> <span class='ocrx_word' id='word_1_147' title='bbox 695 1439 737 1490; x_wconf 86' lang='lat' dir='ltr'><strong>his</strong></span> <span class='ocrx_word' id='word_1_148' title='bbox 752 1440 852 1490; x_wconf 84' lang='lat' dir='ltr'><strong>Eume·</strong></span> 
     </span>
     <span class='ocr_line' id='line_1_22' title="bbox 65 1505 852 1578; baseline -0.003 -18"><span class='ocrx_word' id='word_1_149' title='bbox 65 1525 123 1562; x_wconf 90' lang='lat' dir='ltr'><strong>nes.</strong></span> <span class='ocrx_word' id='word_1_150' title='bbox 158 1508 220 1562; x_wconf 87' lang='lat' dir='ltr'><strong>Hac</strong></span> <span class='ocrx_word' id='word_1_151' title='bbox 229 1509 278 1563; x_wconf 90' lang='lat' dir='ltr'><strong>ille</strong></span> <span class='ocrx_word' id='word_1_152' title='bbox 294 1505 539 1578; x_wconf 78' lang='lat' dir='ltr'><strong>perculsus&#39;plaga</strong></span> <span class='ocrx_word' id='word_1_153' title='bbox 552 1523 607 1559; x_wconf 92' lang='lat' dir='ltr'><strong>non</strong></span> <span class='ocrx_word' id='word_1_154' title='bbox 622 1508 781 1569; x_wconf 80' lang='lat' dir='ltr'><strong>succubuit,</strong></span> <span class='ocrx_word' id='word_1_155' title='bbox 804 1520 852 1558; x_wconf 59' lang='lat' dir='ltr'><strong>nea</strong></span> 
     </span>
     <span class='ocr_line' id='line_1_23' title="bbox 31 1574 851 1649; baseline -0.004 -21"><span class='ocrx_word' id='word_1_156' title='bbox 31 1633 36 1638; x_wconf 62' lang='grc'><em>,</em></span> <span class='ocrx_word' id='word_1_157' title='bbox 64 1595 119 1649; x_wconf 89' lang='lat' dir='ltr'><strong>que</strong></span> <span class='ocrx_word' id='word_1_158' title='bbox 145 1594 179 1632; x_wconf 87' lang='lat' dir='ltr'><strong>eo</strong></span> <span class='ocrx_word' id='word_1_159' title='bbox 203 1581 291 1630; x_wconf 89' lang='lat' dir='ltr'><strong>secius</strong></span> <span class='ocrx_word' id='word_1_160' title='bbox 314 1579 420 1631; x_wconf 72' lang='lat' dir='ltr'><strong>bellu‘m</strong></span> <span class='ocrx_word' id='word_1_161' title='bbox 447 1577 659 1630; x_wconf 82' lang='lat' dir='ltr'><strong>administravit.</strong></span> <span class='ocrx_word' id='word_1_162' title='bbox 714 1574 769 1628; x_wconf 82' lang='lat' dir='ltr'><strong>Sed</strong></span> <span class='ocrx_word' id='word_1_163' title='bbox 794 1576 851 1627; x_wconf 82' lang='lat' dir='ltr'><strong>exi·</strong></span> 
     </span>
     <span class='ocr_line' id='line_1_24' title="bbox 63 1641 852 1716; baseline -0.006 -16"><span class='ocrx_word' id='word_1_164' title='bbox 63 1647 105 1700; x_wconf 86' lang='lat' dir='ltr'><strong>les</strong></span> <span class='ocrx_word' id='word_1_165' title='bbox 125 1663 172 1702; x_wconf 86' lang='lat' dir='ltr'><strong>res</strong></span> <span class='ocrx_word' id='word_1_166' title='bbox 183 1649 272 1700; x_wconf 90' lang='lat' dir='ltr'><strong>animi</strong></span> <span class='ocrx_word' id='word_1_167' title='bbox 287 1647 522 1716; x_wconf 82' lang='lat' dir='ltr'><strong>magnitudinem,</strong></span> <span class='ocrx_word' id='word_1_168' title='bbox 535 1647 593 1698; x_wconf 80' lang='lat' dir='ltr'><strong>etsi</strong></span> <span class='ocrx_word' id='word_1_169' title='bbox 604 1659 660 1696; x_wconf 90' lang='lat' dir='ltr'><strong>non</strong></span> <span class='ocrx_word' id='word_1_170' title='bbox 675 1641 852 1714; x_wconf 80' lang='lat' dir='ltr'><strong>frangebant,</strong></span> 
     </span>
     <span class='ocr_line' id='line_1_25' title="bbox 61 1715 852 1784; baseline -0.009 -14"><span class='ocrx_word' id='word_1_171' title='bbox 61 1723 160 1770; x_wconf 87' lang='lat' dir='ltr'><strong>tamen</strong></span> <span class='ocrx_word' id='word_1_172' title='bbox 169 1719 339 1770; x_wconf 86' lang='lat' dir='ltr'><strong>minuebant.</strong></span> <span class='ocrx_word' id='word_1_173' title='bbox 374 1717 400 1768; x_wconf 80' lang='grc' dir='ltr'><strong>Ζ.</strong></span> <span class='ocrx_word' id='word_1_174' title='bbox 417 1717 500 1768; x_wconf 87' lang='lat' dir='ltr'><strong>Hunc</strong></span> <span class='ocrx_word' id='word_1_175' title='bbox 510 1730 678 1784; x_wconf 84' lang='lat' dir='ltr'><strong>persequens</strong></span> <span class='ocrx_word' id='word_1_176' title='bbox 687 1715 852 1782; x_wconf 81' lang='lat' dir='ltr'><strong>Antigonus,</strong></span> 
     </span>
     <span class='ocr_line' id='line_1_26' title="bbox 62 1783 853 1856; baseline -0.001 -19"><span class='ocrx_word' id='word_1_177' title='bbox 62 1803 150 1856; x_wconf 90' lang='lat' dir='ltr'><strong>quum</strong></span> <span class='ocrx_word' id='word_1_178' title='bbox 172 1788 247 1838; x_wconf 89' lang='lat' dir='ltr'><strong>omni</strong></span> <span class='ocrx_word' id='word_1_179' title='bbox 259 1801 363 1855; x_wconf 78' lang='lat' dir='ltr'><strong>genere</strong></span> <span class='ocrx_word' id='word_1_180' title='bbox 378 1783 522 1854; x_wconf 76' lang='lat' dir='ltr'><strong>copiarum</strong></span> <span class='ocrx_word' id='word_1_181' title='bbox 536 1785 707 1848; x_wconf 76' lang='lat' dir='ltr'><strong>abundaret,</strong></span> <span class='ocrx_word' id='word_1_182' title='bbox 721 1799 805 1851; x_wconf 80' lang='lat' dir='ltr'><strong>saepe</strong></span> <span class='ocrx_word' id='word_1_183' title='bbox 823 1784 853 1836; x_wconf 89' lang='lat' dir='ltr'><strong>iu</strong></span> 
     </span>
     <span class='ocr_line' id='line_1_27' title="bbox 60 1854 853 1924; baseline -0.004 -15"><span class='ocrx_word' id='word_1_184' title='bbox 60 1855 213 1910; x_wconf 83' lang='lat' dir='ltr'><strong>itineribus</strong></span> <span class='ocrx_word' id='word_1_185' title='bbox 228 1857 395 1910; x_wconf 82' lang='lat' dir='ltr'><strong>vexabatur:</strong></span> <span class='ocrx_word' id='word_1_186' title='bbox 419 1871 509 1924; x_wconf 90' lang='lat' dir='ltr'><strong>neque</strong></span> <span class='ocrx_word' id='word_1_187' title='bbox 525 1871 656 1924; x_wconf 88' lang='lat' dir='ltr'><strong>umquam</strong></span> <span class='ocrx_word' id='word_1_188' title='bbox 671 1854 708 1907; x_wconf 82' lang='lat' dir='ltr'><strong>ad</strong></span> <span class='ocrx_word' id='word_1_189' title='bbox 739 1865 853 1907; x_wconf 86' lang='lat' dir='ltr'><strong>manum</strong></span> 
     </span>
     <span class='ocr_line' id='line_1_28' title="bbox 61 1923 854 1994; baseline -0.008 -14"><span class='ocrx_word' id='word_1_190' title='bbox 61 1926 199 1980; x_wconf 81' lang='lat' dir='ltr'><strong>accedere</strong></span> <span class='ocrx_word' id='word_1_191' title='bbox 209 1925 323 1989; x_wconf 89' lang='lat' dir='ltr'><strong>licebat,</strong></span> <span class='ocrx_word' id='word_1_192' title='bbox 334 1927 387 1978; x_wconf 87' lang='lat' dir='ltr'><strong>nisi</strong></span> <span class='ocrx_word' id='word_1_193' title='bbox 397 1925 439 1978; x_wconf 88' lang='lat' dir='ltr'><strong>his</strong></span> <span class='ocrx_word' id='word_1_194' title='bbox 450 1927 520 1979; x_wconf 69' lang='lat' dir='ltr'><strong>lucit</strong></span> <span class='ocrx_word' id='word_1_195' title='bbox 527 1962 535 1990; x_wconf 91' lang='lat'><strong>,</strong></span> <span class='ocrx_word' id='word_1_196' title='bbox 545 1927 644 1994; x_wconf 86' lang='lat' dir='ltr'><strong>quibus</strong></span> <span class='ocrx_word' id='word_1_197' title='bbox 660 1925 742 1994; x_wconf 83' lang='lat' dir='ltr'><strong>pauci</strong></span> <span class='ocrx_word' id='word_1_198' title='bbox 756 1923 854 1976; x_wconf 84' lang='lat' dir='ltr'><strong>multis</strong></span> 
     </span>
     <span class='ocr_line' id='line_1_29' title="bbox 61 1991 852 2064; baseline -0.008 -14"><span class='ocrx_word' id='word_1_199' title='bbox 61 1999 181 2064; x_wconf 82' lang='lat' dir='ltr'><strong>possent</strong></span> <span class='ocrx_word' id='word_1_200' title='bbox 191 1997 333 2048; x_wconf 85' lang='lat' dir='ltr'><strong>resistere.</strong></span> <span class='ocrx_word' id='word_1_201' title='bbox 366 1991 392 2050; x_wconf 76' lang='lat'><strong>3.</strong></span> <span class='ocrx_word' id='word_1_202' title='bbox 411 1994 467 2050; x_wconf 88' lang='lat' dir='ltr'><strong>Sed</strong></span> <span class='ocrx_word' id='word_1_203' title='bbox 477 2002 602 2049; x_wconf 83' lang='lat' dir='ltr'><strong>extreme</strong></span> <span class='ocrx_word' id='word_1_204' title='bbox 611 1999 750 2062; x_wconf 78' lang='lat' dir='ltr'><strong>tempore,</strong></span> <span class='ocrx_word' id='word_1_205' title='bbox 766 2007 852 2062; x_wconf 87' lang='lat' dir='ltr'><strong>quum</strong></span> 
     </span>
    </p>
   </div>
   <div class='ocr_carea' id='block_1_13' title="bbox 61 2061 898 2133">
    <p class='ocr_par' dir='ltr' id='par_1_13' title="bbox 61 2061 898 2133">
     <span class='ocr_line' id='line_1_30' title="bbox 61 2061 898 2133; baseline -0.007 -16"><span class='ocrx_word' id='word_1_206' title='bbox 61 2065 185 2118; x_wconf 84' lang='lat' dir='ltr'><strong>consilio</strong></span> <span class='ocrx_word' id='word_1_207' title='bbox 197 2067 257 2131; x_wconf 82' lang='lat' dir='ltr'><strong>capi</strong></span> <span class='ocrx_word' id='word_1_208' title='bbox 267 2080 324 2116; x_wconf 89' lang='lat' dir='ltr'><strong>nou</strong></span> <span class='ocrx_word' id='word_1_209' title='bbox 332 2071 445 2133; x_wconf 81' lang='lat' dir='ltr'><strong>posset,</strong></span> <span class='ocrx_word' id='word_1_210' title='bbox 458 2061 637 2118; x_wconf 80' lang='lat' dir='ltr'><strong>multitudine</strong></span> <span class='ocrx_word' id='word_1_211' title='bbox 648 2065 852 2117; x_wconf 84' lang='lat' dir='ltr'><strong>circumventus</strong></span> <span class='ocrx_word' id='word_1_212' title='bbox 893 2121 898 2130; x_wconf 79' lang='lat'><strong>.</strong></span> 
     </span>
    </p>
   </div>
   <div class='ocr_carea' id='block_1_14' title="bbox 11 2133 869 2760">
    <p class='ocr_par' dir='ltr' id='par_1_14' title="bbox 11 2133 869 2760">
     <span class='ocr_line' id='line_1_31' title="bbox 61 2133 853 2200; baseline -0.005 -14"><span class='ocrx_word' id='word_1_213' title='bbox 61 2139 135 2187; x_wconf 73' lang='lat' dir='ltr'><strong>est·</strong></span> <span class='ocrx_word' id='word_1_214' title='bbox 154 2135 231 2186; x_wconf 85' lang='lat' dir='ltr'><strong>llinc</strong></span> <span class='ocrx_word' id='word_1_215' title='bbox 239 2140 344 2198; x_wconf 74' lang='lat' dir='ltr'><strong>tannen,</strong></span> <span class='ocrx_word' id='word_1_216' title='bbox 353 2135 448 2198; x_wconf 70' lang='lat' dir='ltr'><strong>miultis</strong></span> <span class='ocrx_word' id='word_1_217' title='bbox 458 2135 515 2185; x_wconf 87' lang='lat' dir='ltr'><strong>suis</strong></span> <span class='ocrx_word' id='word_1_218' title='bbox 525 2136 646 2198; x_wconf 83' lang='lat' dir='ltr'><strong>amissis,</strong></span> <span class='ocrx_word' id='word_1_219' title='bbox 663 2149 694 2188; x_wconf 89' lang='lat' dir='ltr'><strong>se</strong></span> <span class='ocrx_word' id='word_1_220' title='bbox 704 2133 853 2200; x_wconf 76' lang='lat' dir='ltr'><strong>expedivit,</strong></span> 
     </span>
     <span class='ocr_line' id='line_1_32' title="bbox 11 2201 853 2272; baseline -0.006 -16"><span class='ocrx_word' id='word_1_221' title='bbox 11 2219 14 2226; x_wconf 78' lang='grc'><strong>’</strong></span> <span class='ocrx_word' id='word_1_222' title='bbox 61 2207 92 2256; x_wconf 86' lang='lat' dir='ltr'><strong>et</strong></span> <span class='ocrx_word' id='word_1_223' title='bbox 112 2205 143 2256; x_wconf 89' lang='lat' dir='ltr'><strong>in</strong></span> <span class='ocrx_word' id='word_1_224' title='bbox 166 2202 313 2256; x_wconf 76' lang='lat' dir='ltr'><strong>castellum</strong></span> <span class='ocrx_word' id='word_1_225' title='bbox 328 2203 483 2272; x_wconf 80' lang='lat' dir='ltr'><strong>Pbrygiae,</strong></span> <span class='ocrx_word' id='word_1_226' title='bbox 502 2204 575 2272; x_wconf 92' lang='lat' dir='ltr'><strong>quod</strong></span> <span class='ocrx_word' id='word_1_227' title='bbox 595 2203 670 2256; x_wconf 87' lang='lat' dir='ltr'><strong>Nora</strong></span> <span class='ocrx_word' id='word_1_228' title='bbox 687 2201 853 2270; x_wconf 84' lang='lat' dir='ltr'><strong>appellatur,</strong></span> 
     </span>
     <span class='ocr_line' id='line_1_33' title="bbox 61 2269 853 2344; baseline -0.004 -20"><span class='ocrx_word' id='word_1_229' title='bbox 61 2271 203 2341; x_wconf 80' lang='lat' dir='ltr'><strong>confugit.</strong></span> <span class='ocrx_word' id='word_1_230' title='bbox 238 2271 264 2326; x_wconf 83' lang='lat'><strong>4.</strong></span> <span class='ocrx_word' id='word_1_231' title='bbox 283 2274 314 2326; x_wconf 90' lang='lat' dir='ltr'><strong>ln</strong></span> <span class='ocrx_word' id='word_1_232' title='bbox 325 2269 379 2344; x_wconf 89' lang='lat' dir='ltr'><strong>quo</strong></span> <span class='ocrx_word' id='word_1_233' title='bbox 391 2289 473 2342; x_wconf 87' lang='lat' dir='ltr'><strong>quum</strong></span> <span class='ocrx_word' id='word_1_234' title='bbox 485 2273 749 2335; x_wconf 77' lang='lat' dir='ltr'><strong>circumsederetur,</strong></span> <span class='ocrx_word' id='word_1_235' title='bbox 765 2276 794 2323; x_wconf 88' lang='lat' dir='ltr'><strong>et</strong></span> <span class='ocrx_word' id='word_1_236' title='bbox 808 2285 853 2321; x_wconf 83' lang='lat' dir='ltr'><strong>ve-</strong></span> 
     </span>
     <span class='ocr_line' id='line_1_34' title="bbox 59 2339 855 2410; baseline -0.004 -16"><span class='ocrx_word' id='word_1_237' title='bbox 59 2347 195 2406; x_wconf 80' lang='lat' dir='ltr'><strong>reretur„</strong></span> <span class='ocrx_word' id='word_1_238' title='bbox 203 2357 239 2395; x_wconf 87' lang='lat' dir='ltr'><strong>ue</strong></span> <span class='ocrx_word' id='word_1_239' title='bbox 248 2357 305 2395; x_wconf 88' lang='lat' dir='ltr'><strong>uno</strong></span> <span class='ocrx_word' id='word_1_240' title='bbox 316 2343 378 2398; x_wconf 83' lang='lat' dir='ltr'><strong>loco</strong></span> <span class='ocrx_word' id='word_1_241' title='bbox 389 2354 504 2396; x_wconf 88' lang='lat' dir='ltr'><strong>maneus</strong></span> <span class='ocrx_word' id='word_1_242' title='bbox 514 2355 601 2410; x_wconf 88' lang='lat' dir='ltr'><strong>equos</strong></span> <span class='ocrx_word' id='word_1_243' title='bbox 611 2343 747 2394; x_wconf 83' lang='lat' dir='ltr'><strong>militares</strong></span> <span class='ocrx_word' id='word_1_244' title='bbox 758 2339 855 2409; x_wconf 80' lang='lat' dir='ltr'><strong>perde·</strong></span> 
     </span>
     <span class='ocr_line' id='line_1_35' title="bbox 57 2407 855 2480; baseline -0.009 -15"><span class='ocrx_word' id='word_1_245' title='bbox 57 2417 124 2478; x_wconf 86' lang='lat' dir='ltr'><strong>ret,</strong></span> <span class='ocrx_word' id='word_1_246' title='bbox 137 2411 212 2480; x_wconf 89' lang='lat' dir='ltr'><strong>quod</strong></span> <span class='ocrx_word' id='word_1_247' title='bbox 223 2413 344 2480; x_wconf 77' lang='lat' dir='ltr'><strong>spatium</strong></span> <span class='ocrx_word' id='word_1_248' title='bbox 353 2427 415 2466; x_wconf 85' lang='lat' dir='ltr'><strong>non</strong></span> <span class='ocrx_word' id='word_1_249' title='bbox 421 2416 495 2464; x_wconf 85' lang='lat' dir='ltr'><strong>esset</strong></span> <span class='ocrx_word' id='word_1_250' title='bbox 505 2412 643 2478; x_wconf 84' lang='lat' dir='ltr'><strong>agitandi:</strong></span> <span class='ocrx_word' id='word_1_251' title='bbox 655 2409 786 2462; x_wconf 84' lang='lat' dir='ltr'><strong>callidum</strong></span> <span class='ocrx_word' id='word_1_252' title='bbox 800 2407 855 2461; x_wconf 83' lang='lat' dir='ltr'><strong>fuit</strong></span> 
     </span>
     <span class='ocr_line' id='line_1_36' title="bbox 57 2480 855 2551; baseline -0.008 -17"><span class='ocrx_word' id='word_1_253' title='bbox 57 2485 125 2535; x_wconf 87' lang='lat' dir='ltr'><strong>eius</strong></span> <span class='ocrx_word' id='word_1_254' title='bbox 152 2481 313 2546; x_wconf 76' lang='lat' dir='ltr'><strong>inventum,</strong></span> <span class='ocrx_word' id='word_1_255' title='bbox 341 2481 575 2551; x_wconf 84' lang='lat' dir='ltr'><strong>quemadmodum</strong></span> <span class='ocrx_word' id='word_1_256' title='bbox 599 2487 677 2533; x_wconf 82' lang='lat' dir='ltr'><strong>stans</strong></span> <span class='ocrx_word' id='word_1_257' title='bbox 699 2480 855 2531; x_wconf 80' lang='lat' dir='ltr'><strong>iumentum</strong></span> 
     </span>
     <span class='ocr_line' id='line_1_37' title="bbox 56 2547 856 2623; baseline -0.011 -19"><span class='ocrx_word' id='word_1_258' title='bbox 56 2549 247 2604; x_wconf 81' lang='lat' dir='ltr'><strong>concalefieri</strong></span> <span class='ocrx_word' id='word_1_259' title='bbox 258 2553 436 2623; x_wconf 84' lang='lat' dir='ltr'><strong>exercerique</strong></span> <span class='ocrx_word' id='word_1_260' title='bbox 445 2557 556 2620; x_wconf 81' lang='lat' dir='ltr'><strong>posset,</strong></span> <span class='ocrx_word' id='word_1_261' title='bbox 575 2564 629 2620; x_wconf 91' lang='lat' dir='ltr'><strong>quo</strong></span> <span class='ocrx_word' id='word_1_262' title='bbox 640 2547 771 2601; x_wconf 84' lang='lat' dir='ltr'><strong>libentius</strong></span> <span class='ocrx_word' id='word_1_263' title='bbox 782 2550 811 2598; x_wconf 88' lang='lat' dir='ltr'><strong>et</strong></span> <span class='ocrx_word' id='word_1_264' title='bbox 819 2547 856 2596; x_wconf 93' lang='lat' dir='ltr'><strong>ci·</strong></span> 
     </span>
     <span class='ocr_line' id='line_1_38' title="bbox 54 2619 869 2690; baseline -0.013 -16"><span class='ocrx_word' id='word_1_265' title='bbox 54 2621 98 2674; x_wconf 93' lang='lat' dir='ltr'><strong>bo</strong></span> <span class='ocrx_word' id='word_1_266' title='bbox 108 2625 256 2683; x_wconf 88' lang='lat' dir='ltr'><strong>uteretur,</strong></span> <span class='ocrx_word' id='word_1_267' title='bbox 267 2626 296 2673; x_wconf 86' lang='lat' dir='ltr'><strong>et</strong></span> <span class='ocrx_word' id='word_1_268' title='bbox 310 2637 328 2674; x_wconf 87' lang='lat' dir='ltr'><strong>a</strong></span> <span class='ocrx_word' id='word_1_269' title='bbox 341 2623 465 2690; x_wconf 89' lang='lat' dir='ltr'><strong>eorporis</strong></span> <span class='ocrx_word' id='word_1_270' title='bbox 481 2626 560 2673; x_wconf 87' lang='lat' dir='ltr'><strong>motu</strong></span> <span class='ocrx_word' id='word_1_271' title='bbox 569 2629 635 2672; x_wconf 75' lang='lat' dir='ltr'><strong>&gt;non</strong></span> <span class='ocrx_word' id='word_1_272' title='bbox 653 2619 869 2672; x_wconf 51' lang='lat' dir='ltr'><strong>removereturae</strong></span> 
     </span>
     <span class='ocr_line' id='line_1_39' title="bbox 55 2682 855 2760; baseline -0.015 -16"><span class='ocrx_word' id='word_1_273' title='bbox 55 2689 86 2744; x_wconf 79' lang='lat'><strong>5.</strong></span> <span class='ocrx_word' id='word_1_274' title='bbox 109 2687 428 2760; x_wconf 79' lang='lat' dir='ltr'><strong>substringebat-eaput</strong></span> <span class='ocrx_word' id='word_1_275' title='bbox 436 2691 497 2744; x_wconf 88' lang='lat' dir='ltr'><strong>loro</strong></span> <span class='ocrx_word' id='word_1_276' title='bbox 507 2691 593 2750; x_wconf 84' lang='lat' dir='ltr'><strong>altius</strong></span> <span class='ocrx_word' id='word_1_277' title='bbox 619 2682 855 2758; x_wconf 83' lang='lat' dir='ltr'><strong>quamut.pri&#39;ori·</strong></span> 
     </span>
    </p>
   </div>
   <div class='ocr_carea' id='block_1_15' title="bbox 0 0 1032 2956">
    <p class='ocr_par' dir='ltr' id='par_1_15' title="bbox 0 0 1032 2956">
     <span class='ocr_line' id='line_1_40' title="bbox 0 0 1032 2956; baseline 0 2"><span class='ocrx_word' id='word_1_278' title='bbox 0 0 1032 2956; x_wconf 95' lang='lat' dir='ltr'><strong> </strong></span> 
     </span>
    </p>
   </div>
  </div>
 </body>
</html>
