2032 2962
154 99 189 156 28
250 97 319 154 vll.
341 93 607 152 aucmentis.
631 91 786 149 CAP.1V.
810 91 844 150 V.

155 204 334 270 Eumolpidas
350 202 510 254 sacerdotes
524 197 654 268 apopulo
670 203 794 268 emptos,
814 205 887 253 utse
899 199 949 255 de·

153 277 296 335 voverent,
322 275 437 340 eiusque
454 271 622 354 dempseris,
648 283 709 337 quo,
722 270 851 322 testatior
870 277 949 324 esset

155 343 302 404 memoria,
316 340 486 406 exemplum,
506 343 534 391 in
546 340 603 408 pila
612 339 722 410 lapidea
732 337 861 403 incisum,
882 353 947 394 essa
989 323 991 410 l

154 413 277 480 positum
299 412 328 461 in
349 411 472 476 publico,
502 409 740 462 Lacedaemonem
766 409 945 476 demigravit.
991 427 992 512 p

153 483 178 535 o.
205 481 259 543 lbi,
278 485 311 530 ut
326 482 384 546 ipse
395 480 556 546 praedicare
566 482 759 538 consueverat,
778 487 833 528 non
847 477 945 529 adrer-

152 564 200 602 sus
210 551 341 616 petriam,
360 549 409 602 sed
423 550 550 600 inirnicos
564 561 628 598 suos
638 545 741 598 bellun
752 548 850 614 gessit,
888 545 944 600 uod

152 619 237 670 iidem
256 617 350 672 hostes
369 623 462 671 essent
480 617 592 668 civitati.
620 615 791 684 Namequum
805 563 945 684 intediga-

152 692 228 750 rent,
249 703 280 740 se
299 689 447 755 plurimum
462 687 594 754 prodesse
609 686 886 768 posse3relpublipae,
908 701 944 737 ex

151 757 187 810 'aa
198 759 325 820 eiecisse,
346 757 623 826 plusqueiraesuae,
644 769 725 823 quam
740 755 858 806 utilitati
869 768 944 809 eom-
994 738 995 802 l

120 845 122 854 ’
152 828 374 894 munipuruisse.
402 826 546 892 7.‚ltaque
566 822 647 874 huius
666 824 782 881 consilio
804 823 943 876 Lacedae·
995 839 996 918 p

114 898 123 912 “
151 897 237 948 uranii
253 911 314 948 eum
324 895 473 948 Persarum
488 908 555 961 rega
569 893 874 956 auricitiam'iecerunt3
894 892 942 946 de·
995 919 996 924 κ

151 967 217 1018 inde
232 965 382 1020 Deceleam
402 966 430 1014 in
443 965 538 1015 Attica
556 967 727 1028 munierunt,
748 964 947 1032 praesidioque
996 943 997 1028 l

87 1049 90 1058 ¹
132 1059 134 1063 v
152 1036 191 1087 ibi
203 1040 338 1101 perpetuo
348 1035 438 1101 posito
453 1034 481 1082 in
494 1033 635 1085 obsidione
645 1031 766 1084 Athenas
780 1037 941 1085 tenuerunt.

151 1103 284 1155 Eiusdem
295 1117 381 1170 opera
392 1103 499 1154 ioniam
510 1117 528 1153 a
542 1103 677 1154 societate
685 1101 850 1160 averterunt
858 1101 940 1154 Athe·

152 1173 298 1224 niensium.
327 1173 389 1236 Quo
403 1171 478 1224 laeto
497 1171 586 1224 multo
605 1173 765 1239 superiores
785 1171 860 1224 bello
879 1185 940 1224 esse
998 1149 999 1216 l

151 1245 312 1307 coeperunt.
793 1267 798 1274 ·
999 1254 1000 1290 l

204 1309 237 1362 V.
248 1309 346 1377 Neque
357 1323 423 1360 rere
432 1306 475 1360 his
485 1311 569 1363 rebus
580 1316 637 1362 tam
645 1311 726 1376 amici
732 1309 867 1364 Alcibiadi
874 1314 940 1362 sunt
1000 1358 1001 1385 ,

152 1376 232 1441 lacti,
247 1394 328 1446 quam
339 1381 439 1432 timore
450 1380 484 1431 ab
495 1395 528 1432 eo
539 1379 661 1434 alienati
689 1381 854 1448 Namquum
864 1393 940 1430 acer-
974 1401 979 1408 ·

153 1448 215 1499 rimi
224 1449 275 1500 riri
285 1451 473 1515 praestantem
484 1445 667 1517 prudentiam
674 1451 702 1501 in
714 1449 840 1503 omnibus
856 1449 940 1502 rebus
1001 1459 1002 1532 p

151 1524 364 1585 cognoscerent,
393 1513 623 1586 per-tinnuerunt,
640 1507 811 1572 nelcarotnte
830 1521 939 1585 patriae
1001 1533 1002 1538 ’

151 1585 251 1638 ductus
269 1587 420 1656 aliquando
434 1589 469 1641 ab
484 1590 550 1657 ipsis
566 1589 744 1652 desciscelet,
764 1593 794 1642 et
807 1603 867 1640 curo
879 1591 940 1640 suls

150 1656 574 1793 tiltttlet‘lttialitt
587 1658 941 1791 iillliiliih‘ll‘liil‘

153 1793 205 1846 lari
215 1809 270 1848 non
282 1799 386 1864 potuit:
413 1799 558 1850 eratenim
574 1811 609 1848 ea
623 1797 787 1862 sagacitate,
807 1801 840 1846 ut
850 1795 939 1864 decipi

152 1877 207 1918 non
226 1872 332 1932 posset,
356 1868 519 1934 praesertim
540 1879 624 1931 quum
638 1866 759 1917 animum
774 1865 939 1920 attendisset

89 1933 93 1942 ’
151 1932 187 1986 ad
203 1935 365 1986 cavendum.
402 1935 498 2001 ltaque
516 1933 553 1985 ad
573 1931 802 1998 Tissaphernem,
831 1935 938 2001 praele-

150 2007 225 2062 ctum
236 2005 309 2070 regis
315 2003 404 2066 Darii,
414 2018 445 2054 se
455 2001 582 2055 eontulit.
610 2000 634 2053 3.
646 2003 731 2066 Guips
742 2017 826 2072 quum
836 2007 865 2059 iu
876 2006 937 2056 luti·

151 2087 222 2144 mam
234 2073 382 2124 amicitiem
393 2073 574 2138 pervenisset,
589 2075 618 2123 et
628 2071 849 2137 Atheniensium,
865 2074 938 2128 male

149 2143 235 2262 dham
246 2143 275 2192 in
287 2140 383 2194 Sicilia
392 2141 488 2206 rebus,
498 2155 564 2208 opes
575 2157 733 2208 senescere,
743 2149 841 2196 eontra
850 2143 935 2196 Laee-

187 2212 358 2264 emouiorum
371 2225 495 2264 crescere
505 2212 624 2277 rideret3
639 2214 720 2264 ieitio
730 2228 791 2265 cum
802 2209 936 2264 Pisandro

141 2286 292 2347 praetore,
313 2282 360 2348 qui
371 2281 443 2346 apud
455 2281 567 2334 Samum
579 2285 731 2335 exercitum
743 2280 874 2341 habebat,
885 2293 935 2348 per

149 2351 334 2403 internuntios
345 2349 521 2418 colloquitur,
532 2356 561 2404 et
569 2352 606 2404 de
616 2352 709 2404 reditu
718 2365 768 2402 suo
778 2349 848 2401 iacit
860 2363 934 2402 men·

149 2419 262 2471 tionem.
279 2421 348 2472 Erat
358 2421 431 2474 enim
442 2415 780 2490 eddom,qqulcibiades,
789 2433 880 2484 sensu,
891 2433 937 2488 po·

149 2486 206 2554 puli
216 2490 357 2560 potentiae
368 2504 426 2541 non·
434 2490 591 2554 amicus,et
601 2493 764 2556 optimatum
773 2488 877 2542 iautor.
908 2488 933 2542 4.

148 2559 188 2611 Ab
199 2557 252 2609 hoc
263 2558 426 2622 destitutus,
447 2561 566 2626 primum
576 2573 627 2626 per
637 2558 860 2627 Thrasybulum,
879 2558 933 2626 Ly·

148 2628 173 2676 ci
185 2627 286 2691 lilium,
296 2628 331 2678 ab
343 2631 467 2682 exercitu
483 2630 625 2695 recipitur,
637 2635 805 2699 praetorque
814 2631 847 2682 lit
861 2627 932 2696 apud

149 2695 275 2761 Samum3
297 2703 372 2762 post,
387 2697 558 2767 suffragante
569 2697 756 2760 Theramene,
770 2697 932 2766 populisclto

302 2799 395 2932 ‘te'
