2054 2956
111 67 118 84 ’
152 101 203 157 roc
299 155 302 163 ,
347 74 742 176 xxiv„cn'ro.1i.rn.

46 221 50 230 ’
137 208 187 258 ·de
206 187 348 273 pro‘vincia
363 201 516 270 depellere,
537 193 635 269 etipse
651 205 676 253 ei
692 199 853 252 succedere.
895 199 958 252 Ne·
1010 195 1014 264 .j

79 325 83 335 ,
153 290 206 344 que
217 273 270 325 boc
280 279 463 340 personatum
475 271 584 323 efficere
600 273 704 338 potuit,
724 284 808 337 quum
828 271 956 338 quidem
1013 287 1014 290 ’

153 344 245 410 Scipio
256 345 284 392 in
295 343 405 392 ciuitate
421 342 605 408 principatum
622 342 773 396 obtineret:
795 340 872 406 quod
885 347 964 392 tum⁴
1013 341 1014 394 l

79 434 88 444 .
155 425 210 464 non
221 413 359 479 potentia,
379 410 427 461 sed
438 411 499 461 iure
509 411 670 476 respublica
681 410 955 460 administrabatur.
1013 403 1014 432 ³

103 503 108 510 ·
144 485 216 545 ,Qua
225 496 260 534 ex
270 497 301 532 re
311 483 400 531 iratus
411 482 536 542 senatui,
547 479 692 538 consulatu
705 484 832 545 peracte,
854 480 954 544 priva·
1013 509 1014 530 1

154 561 201 602 tus
212 552 239 602 in
250 551 319 602 urbe
330 550 440 600 nrsnsit.
476 547 501 600 3.
522 550 558 600 nt
569 550 637 599 Cato
643 562 759 610 ‚censor
769 562 831 599 cum
844 547 954 598 eodem
1013 603 1014 620 χ

153 621 255 674 Flacco
276 620 380 681 sactus,
399 632 496 673 severe
512 617 634 684 praefuit
649 618 674 668 ei
690 618 832 682 potestati.
872 615 952 666 Nam
1013 635 1014 652 r

155 691 222 742 etin
233 688 387 754 complures
399 687 505 738 nobiles
517 687 724 747 animadvertit,
745 692 773 737 et
784 685 891 736 multas
903 694 963 736 res'
1013 687 1014 748 ζ

154 773 240 812 noras
251 758 278 825 in
291 757 409 808 edictum
421 756 537 816 addidit,
548 772 602 824 qua
616 771 646 806 re
657 755 769 807 luxrtria
779 754 949 820 reprimere·
1013 753 1014 816 ᾖ

154 834 214 890 tur,
235 841 304 894 quae
315 827 370 878 iem
379 831 439 875 tum
450 825 763 892 incipiebat‘rtllulare.
798 825 824 876 4.
846 823 949 890 [Circi
1013 865 1014 878 ,

155 902 200 950 ter
210 911 297 946 annos
307 892 483 962 octogiuta‚]
507 893 596 960 Vsque
608 894 643 944 ad
655 900 807 958 extremam
820 899 948 944 aetatem
1013 907 1014 942 1

155 968 190 1019 ab
201 965 395 1025 adolescentia,
404 964 472 1028 reip.
480 977 563 1014 causa
574 965 713 1029 suscipere
721 963 879 1016 inimicitias
890 976 948 1012 non

157 1035 271 1087 destitit.
307 1031 948 1102 ilmultistentatusnonmedouullumdetti·
993 1024 1014 1078 tl

155 1107 280 1155 mentum
291 1103 503 1153 existimationis
515 1102 594 1166 fecit,
604 1102 666 1170 sed,
686 1101 777 1170 quoad
788 1102 873 1166 vixit,
892 1102 947 1152 vir·
1013 1119 1014 1152 ς

155 1177 247 1224 tutum
258 1169 340 1222 laude
352 1173 447 1222 crevit.
655 1173 667 1186 ⁵
871 1179 874 1212 l
930 1202 934 1211 -
1013 1233 1014 1238 Ἰ

160 1271 169 1282 -
210 1241 258 1292 lll.
279 1241 309 1292 ln
327 1241 455 1291 omnibus
475 1241 558 1294 robus
573 1240 708 1309 singulari
720 1241 777 1305 ,tuit
795 1239 946 1307 prudentia
1013 1243 1014 1258 ¹

113 1333 116 1339 ·
158 1315 188 1364 et
198 1311 342 1360 industria.
378 1309 448 1360 Nam
465 1318 494 1362 et
513 1310 636 1378 agricola
647 1311 761 1374 sollers,
782 1317 811 1362 et
824 1309 944 1376 reipubl.

156 1381 276 1448 peritos,
288 1384 317 1430 et
326 1380 393 1429 iuris
405 1381 561 1442 consultus,
572 1386 601 1430 et
611 1395 727 1446 magnus
739 1383 905 1446 imperator,
917 1384 945 1430 ot
1013 1373 1014 1384 ¹

13 1451 18 1506 f
90 1465 94 1470 '
158 1449 310 1518 probabilis
322 1455 434 1512 orator,
454 1457 483 1502 et
499 1449 865 1516 cupidissimuslitterarum
882 1447 943 1500 fuit.

13 1532 21 1546 ''
102 1563 111 1586 ,
157 1521 183 1572 2.
203 1521 326 1582 Quarum
342 1521 463 1572 studium
485 1522 536 1572 etsi
551 1521 644 1570 senior
658 1521 831 1585 arripuerat,
852 1525 943 1570 tamen
1013 1547 1014 1556 .

157 1595 268 1640 tautum
288 1604 464 1656 progressum
487 1589 568 1650 feeit,
592 1595 697 1638 utnon
719 1589 801 1640 facile
821 1591 942 1653 reperire
1013 1587 1014 1632 1

70 1669 75 1684 ¹
158 1661 260 1724 possis,
281 1674 371 1725 neque
387 1659 421 1710 do
437 1659 564 1720 Graecis,
580 1673 670 1725 neque
687 1659 720 1708 de.
737 1659 842 1708 ltalicis
852 1658 943 1719 rebus,

158 1727 232 1846 guod
252 1729 277 1777 ei
297 1727 382 1778 fuerit
401 1729 582 1796 incognitum.
610 1727 651 1778 Ab
671 1727 861 1778 adolescentia
881 1741 942 1778 corr·
1013 1785 1014 1796 γ

173 1798 227 1847 ecit
236 1797 385 1847 orationes.
404 1796 520 1848 &Senex
532 1796 662 1858 historias
673 1797 794 1847 scribere
814 1797 952 1858 instituit,.
1013 1847 1014 1850 ,

87 1907 110 1928 ,.
159 1878 278 1931 quarum
301 1871 367 1914 sunt
386 1865 448 1915 libri
470 1872 585 1932 septem.
622 1865 731 1917 Primos
751 1864 874 1916 eontinet
896 1879 941 1916 res
1013 1925 1014 1930 η

57 1935 113 1972 a..
159 1932 253 2000 gesta's
269 1948 364 2000 regum
381 1933 475 1999 populi
487 1934 620 2000 Romani;
638 1935 776 1987 secundus
791 1937 819 1984 et
833 1932 940 1996 tertius,

98 2045 108 2060 ,
161 2002 235 2053 undo
252 2017 377 2069 quaeque
392 2004 489 2054 civitas
501 2011 563 2056 orta
575 2006 612 2055 sit
622 2004 731 2058 italica:
743 2003 777 2055 ob
788 2017 870 2071 quam
882 2007 939 2056 rein
1013 2025 1014 2074 ᾗ

162 2086 257 2124 omnes
268 2072 395 2138 Origines
407 2073 517 2125 ridetur
532 2074 696 2140 appellasse.
733 2074 766 2126 ln
783 2076 939 2142 quartoau·
1000 2070 1014 2110 'l

56 2149 112 2201 „·'·.
160 2147 217 2193 tem
229 2140 332 2194 bellum
339 2139 487 2194 Poenicum
500 2145 632 2210 primum;
642 2146 671 2195 in
682 2143 937 2212 quintosecundum·

120 2271 129 2284 ,
160 2211 281 2279 Μὶῳιε
292 2210 459 2264 haecomnia
467 2213 638 2280 capitulatim
648 2208 714 2264 su‘nt
725 2211 806 2264 dicta:
819 2199 937 2279 Reliqua·

61 2277 82 2312 ⁸⁸
90 2273 114 2291 ”
162 2297 215 2352 que
223 2281 361 2348 bellepari
372 2281 453 2332 modo
464 2289 625 2350 persecutus
636 2288 781 2350 estusque
790 2281 825 2332 ad
836 2287 938 2348 praeto·
1013 2287 1014 2290 ’

161 2367 221 2404 ram
233 2349 291 2403 Ser.
303 2349 416 2412 Galbae,
427 2351 474 2417 qui
485 2349 764 2416 diripuitlrusitanos.
800 2353 887 2418 Atque
897 2349 939 2400 ho·

160 2435 223 2472 rum
235 2421 371 2472 bellorum
382 2419 467 2470 ducos
478 2433 533 2469 non
548 2421 713 2481 acclinavit,
732 2419 781 2472 sed
791 2420 850 2470 sine
861 2420 939 2470 nomi·
952 2477 955 2482 ,
1013 2471 1014 2474 ,

160 2489 242 2540 nibus
252 2505 297 2540 res
309 2484 424 2541 notavit.
459 2487 490 2537 ln
501 2487 598 2538 iisdem
611 2488 754 2554 esposuit,
775 2489 938 2558 quaeinlta
1013 2539 1014 2544 ,

159 2555 199 2607 lia
212 2557 409 2625 Hispaniisque
423 2556 585 2617 viderentur
600 2555 771 2618 admiranda.
808 2559 840 2612 ln
849 2559 938 2626 quibus

162 2625 251 2678 multa
273 2627 412 2678 industria
442 2630 471 2676 et
499 2622 645 2687 diligentia
668 2631 826 2692 comparet,
859 2628 945 2680 mrdts·

120 2692 123 2698 '
161 2693 298 2750 doctrina.
334 2693 468 2758 blloios
478 2693 580 2745 devita
590 2695 620 2743 et
633 2694 758 2746 moribus
774 2695 894 2764 plorata
907 2713 936 2752 eo
1005 2701 1009 2710 '
