2054 2956
257 59 860 92 m

293 255 801 328 connnnnnnrorrs
871 185 887 200 m

68 379 89 396 ‚.
153 357 948 506 FRAGAEENTA.

342 501 614 600 Coronaeorum
638 527 718 602 Lab.
733 552 766 601 1.

126 691 129 698 .
152 619 213 706 De
223 655 348 708 Homero
360 662 388 708 et
397 657 521 710 Hesiodo
532 657 607 710 inter
618 673 714 710 omnes
726 656 785 709 lere
794 657 947 722 scriptores

153 726 287 788 constitit,
302 732 448 795 vtrumqoe
466 734 530 780 ente
542 729 658 780 Romam
675 728 815 778 conditam
835 727 947 791 vixisse,

152 795 344 852 vtilornelius
359 797 452 864 Nepos
468 799 496 846 in
514 797 603 864 primo
620 795 821 847 chronieorum
839 795 873 848 de
887 795 947 846 llo-

152 875 232 926 mero
244 864 327 928 dixit,
344 869 425 918 annis
437 861 548 920 circiter
565 871 674 918 centum
686 871 715 918 et
730 868 883 934 sexaginta.
911 862 947 918 A.

156 933 225 988 Geel.
237 931 274 984 N.
285 931 319 985 Α.
332 933 374 999 17,
384 935 429 1000 21,
439 935 464 988 3.
894 955 897 967 ,

206 1001 305 1069 Nepoti
316 1005 587 1057 etLutatioRornam
599 1004 693 1072 placet
704 1003 843 1057 conditam
851 1001 946 1070 Olym·

152 1070 484 1192 piasgslsepdmae“anno
500 1075 630 1128 seeundo.
668 1074 752 1137 Nolin,
767 1071 866 1143 Polyb.
880 1087 903 1124 o.
919 1071 944 1124 1.

153 1157 193 1193 s.
227 1157 289 1192 am.
417 1168 432 1180 -

204 1207 399 1266 Archilochum
414 1210 508 1278 Nepos
524 1211 668 1272 Cornelius
683 1212 771 1264 tradit
786 1209 871 1262 Tullo
887 1209 945 1260 llo·

151 1277 228 1334 stilio
239 1279 343 1333 Romae
353 1288 488 1348 regnante
499 1283 554 1334 ianr
569 1289 637 1335 tune
652 1283 788 1350 poematis
798 1280 905 1332 olarurn
915 1284 945 1332 et
1016 1337 1019 1344 ¹

150 1349 282 1402 nobilem.
301 1349 335 1401 Α.
349 1351 416 1404 Geli.
427 1348 460 1402 Ν.
470 1350 504 1402 Α.
517 1351 559 1416 17,
570 1352 613 1416 21,
624 1351 650 1405 8.

203 1419 243 1472 Μ.
255 1419 378 1472 Manlius
388 1421 506 1484 Romae,
526 1425 574 1490 qui
586 1421 685 1474 Gallos
700 1421 728 1473 in
740 1418 882 1473 obsidione
893 1417 943 1468 Ca-

143 1488 241 1555 pitolii
253 1491 418 1556 obrepentes
429 1505 479 1556 per
489 1491 578 1543 ardua
588 1491 742 1560 depulerat,
750 1490 944 1554 conulemsosr

151 1559 298 1612 eonsilium
310 1560 345 1612 de
355 1561 610 1628 regnooceopando
621 1563 728 1613 iniisse:
740 1560 942 1624 damnatusque

50 1653 56 1660 ·
150 1630 263 1696 capitis,
282 1644 376 1686 esoxo
387 1630 524 1696 Tarpeio,
542 1636 572 1681 vt
583 1631 622 1681 Μ.
632 1631 726 1683 Varro
737 1631 789 1692 ait,
806 1641 943 1694 praeceps

149 1695 233 1750 datus
242 1703 298 1752 est:
317 1703 347 1750 vt
358 1699 505 1751 Cornelius
520 1705 613 1752 autem
624 1699 718 1766 Nepos
734 1698 867 1771 seriptum
878 1695 942 1748 reli·

149 1768 219 1836 quit,
229 1767 402 1820 verberando
413 1774 528 1820 necatus
539 1774 589 1820 est.
614 1769 682 1822 Geli.
693 1767 758 1820 ibid.

202 1835 360 1892 Alexander
370 1837 490 1905 Magnus
505 1837 600 1890 Pellae
615 1840 719 1901 oritur,
737 1827 870 1908 vtNepos
884 1833 941 1886 edi·
1011 1881 1012 1901 p

149 1906 205 1968 dit,
224 1907 264 1958 M.
278 1905 365 1958 Fabio
378 1907 526 1969 Ambusto,
546 1903 760 1970 'l'ito'Quinetio
782 1903 939 1970 Capitolino
1010 1929 1011 1963 n

150 1975 227 2026 Coss.
252 1980 317 2042 post
338 1973 454 2030 Romam
479 1977 617 2027 conditam
645 1990 718 2028 anno
743 1973 939 2026 trecentesimo

149 2045 318 2112 octogesimo
329 2046 451 2112 quincto.
471 2045 555 2098 Solin.
564 2043 662 2114 Polyb.
673 2063 695 2100 e.
706 2043 750 2098 43.

201 2113 231 2167 P.
242 2115 393 2166 Terentius
404 2116 524 2177 maxime
540 2114 717 2167 familiariter
732 2113 802 2166 vixit
812 2127 873 2165 curn
884 2107 938 2163 Sei·
1006 2151 1007 2154 ,

167 2185 230 2236 ione
240 2182 378 2244 Africano,
399 2189 428 2234 et
439 2185 467 2236 C.
477 2185 575 2236 Laelio
586 2189 637 2237 eto
653 2184 780 2252 quamuis
792 2181 937 2238 Cornelius

150 2267 247 2372 septos
261 2254 505 2373 nrlnnesqaequales
526 2253 612 2308 luisse
631 2254 734 2307 tradat.
765 2249 895 2307 Donatus
914 2265 935 2301 s.

172 2337 265 2374 (CC-m
304 2337 346 2372 ia
385 2339 446 2374 mli
460 2339 491 2374 11.
574 2345 577 2352 ’
659 2369 664 2374 .

108 2407 112 2414 ·
145 2457 155 2508 ¹
184 2387 340 2508 hillinuoios
354 2388 434 2444 Felix
443 2407 467 2443 e.
480 2391 522 2444 22
538 2392 591 2446 scit
604 2389 658 2444 hoe
672 2389 768 2458 Nepos
781 2393 810 2443 et
827 2387 936 2442 (lessius

157 2468 175 2509 n
204 2457 311 2510 istoria.

213 2524 327 2594 Nepotis
339 2525 406 2578 liter
416 2527 447 2579 de
455 2525 601 2578 lrr'rtors'es's.
612 2543 637 2582 o.
648 2524 731 2580 Ds’on.
742 2523 768 2590 3,
776 2524 816 2594 2]
916 2577 920 2586 ,

212 2591 293 2657 Confi.
312 2593 426 2648 Tertull.
443 2594 554 2664 Apolog.
574 2595 613 2649 10.
625 2612 654 2666 p.
674 2595 943 2664 111.Houere.s.p.,

145 2657 187 2714 sl.
198 2663 247 2714 ool.
259 2663 282 2717 5.
296 2664 416 2732 Sululos]
