2054 2956
84 187 90 194 Ὁ
150 117 186 172 dd
289 109 808 182 xv1.PeLorrns8.r-111.

149 221 266 282 darunt,
285 220 360 288 quod
374 220 511 286 susceptis
527 219 680 271 inimicitiis
694 219 782 270 satius
799 217 941 274 ducebant

148 305 197 344 eos
208 291 437 356 obsideri,quarn
448 289 571 341 liberari.
608 288 679 340 Nam
690 293 754 356 post
764 287 940 355 Peloponne.

146 362 220 413 sium
231 359 335 412 bellum
346 357 525 426 Athenasque
536 357 657 410 devictas
669 374 731 411 cum
737 357 940 412 Thebanissibi

147 445 207 483 rem
218 443 277 480 esse
288 429 496 491 existimabant,
508 433 536 480 et
546 441 594 480 eos
605 441 665 480 esse
675 428 763 501 solos,
778 430 826 496 qui
842 429 940 482 adver·

147 513 196 550 sus
210 499 341 549 resistere
357 496 501 549 auderent.
536 497 563 550 4.
580 497 753 550 Hacmente
768 498 939 550 omicis‘suis

100 603 102 606 -
147 581 270 619 summas
282 571 440 634 potestates
455 567 603 631 dederant,
618 566 790 635 alteriusque
805 567 939 620 factionis

146 637 285 706 principes
306 639 407 704 partim
425 636 639 699 interfecerant,
668 637 739 688 alios
760 639 788 686 in
809 637 940 688 exsilium

148 709 303 760 eiecerunt:
319 709 348 758 in
358 707 457 774 quibus
468 705 620 771 Pelopidas
626 705 670 758 hio
675 741 686 769 ,
704 705 739 758 de
749 719 804 775 quo
815 705 939 760 seribere

147 777 241 830 exorsi
251 775 464 843 sumus,pulsus
475 777 567 842 patria
577 777 696 827 carebat.
900 825 903 831 Δ

109 897 120 910 ,
200 847 234 899 11.
252 847 291 898 Hi
303 861 398 898 omnes
409 845 467 896 fere
481 843 603 896 Athenas
613 859 644 896 se
660 843 852 908 contuderunt,
866 859 938 910 non,
971 864 978 874 ¹

148 931 203 984 quo
214 920 396 984 sequerentur
407 915 504 978 otium,
515 915 563 966 sed
575 918 614 977 ut,
624 929 760 982 quemque
768 915 939 983 exproximo

146 985 240 1038 locum
250 985 309 1039 fors
325 985 483 1046 obtulisset,
499 999 532 1036 eo
547 985 667 1053 patriam
682 999 851 1051 recuperare
866 987 938 1038 nite-

147 1059 253 1107 rentur.
288 1055 315 1106 2.
338 1055 435 1122 ltaque
450 1069 533 1122 quum
546 1060 656 1122 tempus
672 1059 715 1106 est
728 1055 818 1105 visum
833 1055 876 1106 rei
891 1069 939 1124 ge·

146 1124 262 1186 rendae,
274 1125 457 1175 communiter
468 1139 529 1175 eum
540 1123 595 1187 his,
607 1127 655 1192 qui
665 1122 769 1176 Thebis
785 1123 860 1176 idem
875 1139 938 1177 sen-

144 1191 338 1256 tiebantdiam
350 1193 516 1261 delegerunt
525 1193 938 1260 adinimicosopprimendesci-

145 1265 316 1329 vitatemque
328 1263 500 1315 liberandam
511 1279 587 1328 eum,
599 1278 654 1333 quo
664 1265 777 1316 maximi
787 1263 937 1332 magistra·

143 1331 623 1402 tussimuleonsueverontepulari.
663 1331 689 1385 3.
713 1335 833 1402 Magnae
849 1349 935 1402 saepe

145 1416 191 1454 res
202 1417 258 1453 non
268 1403 309 1452 ita
319 1403 427 1468 magnis
437 1404 525 1468 copiis
535 1407 602 1453 sunt
610 1408 722 1470 gestae3
741 1403 789 1456 sed
804 1401 935 1470 profecto

144 1485 295 1540 numquam
306 1472 342 1523 ab
350 1477 406 1522 tam
418 1473 588 1528 tenuiinitio
597 1476 693 1524 tantae
711 1487 778 1540 opes
792 1477 858 1523 sunt
871 1487 937 1540 pro·

146 1539 277 1609 digama·
304 1537 376 1594 Nam
387 1542 533 1594 duodecim
544 1541 748 1594 adolescentuli
759 1543 890 1594 coierunt
900 1541 934 1598 ἐκ

145 1608 202 1673 his,
212 1612 259 1680 qui
271 1611 369 1663 exsiiio
379 1618 459 1664 erant
472 1613 598 1676 multati,
608 1611 691 1680 quirin
703 1612 815 1664 omnino
826 1626 882 1664 non
895 1611 936 1664 e's-

145 1687 209 1732 sent
219 1681 338 1748 amplius
346 1687 474 1746 eentum,
485 1683 531 1751 qui
542 1687 621 1734 tanto
635 1697 666 1738 se
680 1680 815 1734 offerrent
827 1683 936 1746 perieu-

145 1748 182 1800 Ιο.
219 1751 281 1813 Qua
290 1753 432 1818 paucitate
445 1753 575 1818 perculsa
590 1756 634 1803 est
647 1751 935 1804 Lacedaemoniorum
994 1765 997 1770 ·

146 1823 280 1886 potentia.
315 1820 341 1872 4.
358 1821 399 1872 Hi
409 1823 482 1874 enim
488 1836 548 1872 non
557 1822 647 1888 magis
657 1821 882 1873 adversariorum
893 1819 935 1873 fa·

145 1890 244 1952 edoni,
256 1903 338 1957 quam
349 1887 507 1956 Spartanis,
523 1905 556 1944 eo
567 1897 700 1956 -tempore
712 1891 820 1944 bellum
834 1891 935 1944 intule-

144 1962 224 2020 runt,
236 1960 282 2026 qui
294 1959 433 2025 principes
448 1966 530 2012 erant
544 1961 632 2012 totius
647 1959 796 2024 Graeciam
815 1974 934 2028 quorum

142 2027 253 2094 imperii
274 2029 418 2090 maiestas,
434 2042 524 2096 neque
540 2032 580 2082 ita
594 2030 683 2082 multo
697 2035 773 2096 post,
784 2031 935 2082 Leuctrica
1018 2052 1019 2060 ¹

142 2095 446 2165 assumtionem
457 2100 600 2165 percursa,
612 2101 743 2152 coniicit.
782 2099 808 2154 s.
826 2100 936 2168 ursign-

142 2173 191 2218 tur
208 2166 370 2229 duodecim,
390 2182 508 2236 quorum
524 2174 585 2222 erat
600 2169 657 2222 dux
672 2169 832 2238 Pelopidas,
846 2183 935 2238 quum
982 2223 984 2228 ¹

43 2276 44 2279 η
141 2235 259 2290 Athenis
269 2237 391 2289 interdiu
412 2241 547 2302 exissent,
566 2243 600 2290 ut
619 2245 831 2306 vesperascente
852 2237 934 2290 coelo

79 2323 81 2326 ·
142 2304 254 2360 Thebas
270 2311 384 2374 possent
401 2311 561 2374 pervenire,
579 2323 642 2360 curn
662 2309 777 2360 canibus
796 2308 935 2360 venaticis

143 2374 286 2438 exierunt,
296 2378 369 2428 retia
380 2376 515 2440 ferentes,
526 2377 629 2429 vestitu
645 2379 761 2445 agresti,
774 2391 830 2446 quo
845 2377 936 2428 mino·

142 2457 174 2495 rs
184 2446 341 2512 suspicione
351 2445 476 2498 facerent
484 2449 546 2498 iter.
564 2444 617 2508 Qui
628 2461 713 2514 quum
723 2451 850 2514 tempore
862 2448 936 2512 ipso,

144 2522 198 2574 quo
218 2514 397 2578 studuerant,
428 2516 632 2584 pervenissent,
662 2515 775 2567 domum
795 2513 935 2568 Charonis

143 2580 322 2653 devenerunt,
333 2597 349 2634 a
359 2599 415 2652 quo
427 2591 455 2636 et
465 2590 574 2650 tempus
585 2588 614 2634 et
624 2582 684 2635 dies
694 2589 757 2636 erat
767 2583 859 2635 datus.
912 2613 917 2618 -

193 2649 242 2700 111.
260 2651 323 2702 Hoc
334 2652 396 2704 loeo
407 2653 477 2706 libet
491 2656 683 2718 interponere,
701 2654 756 2704 etsi
772 2653 934 2706 seiunctum

64 2723 66 2728 ‘
115 2713 173 2770 'ad
186 2731 217 2769 re
227 2721 373 2786 proposita
384 2727 434 2798 est,
445 2724 534 2798 nimia
541 2722 645 2797 tiducia
654 2725 775 2784 quantas
785 2720 935 2779 calamita.
