2032 2962
6 4 57 39 V

72 2703 98 2724 “’
141 2707 276 2761 Datames
289 2712 369 2779 signa
383 2709 480 2762 inferri
496 2710 582 2762 iubet.
622 2709 795 2772 Mitridate,
810 2725 913 2763 notar

137 107 174 163 bo
229 155 231 160 .
293 99 768 161 xitiusrsmusnvl.
872 133 879 138 -

137 213 243 268 maiore
255 209 316 263 iore
326 212 355 262 iu
366 209 541 271 discrimine,
557 208 645 277 quod,
660 208 759 276 quibus
774 223 825 262 rex
841 210 929 262 maxi-

136 298 182 336 me
193 281 317 343 obediat,
328 293 377 332 eos
388 277 491 331 habeat
505 279 720 329 inimicissimos.
760 275 786 329 5.
809 280 929 332 Talibus

136 351 186 404 ille
197 350 299 403 litteris
314 349 445 416 cognitis,
461 363 545 416 quum
561 348 618 411 iam
631 347 668 400 ad
682 350 835 408 exercitum
851 351 928 401 Acen

137 423 270 484 venisset,
284 419 359 486 quod
374 431 430 470 nou
443 416 603 485 ignorabat,
618 432 652 469 ca
667 432 732 469 vere
746 419 865 484 scripta,
879 418 928 472 de·

135 492 254 542 sciscere
268 489 529 556 aregeconstituit.
557 487 653 555 Neque
668 493 763 538 tamon
799 488 930 556 uicquant

137 559 216 622 fecit,
231 557 304 627 quod
314 559 369 625 iide
380 573 430 610 sua
445 562 520 609 esset
534 557 685 624 indignum.
722 555 748 607 6.
770 503 839 608 isam
850 558 930 610 Man-

136 627 259 681 droclem
265 627 424 696 Magnetem
432 627 562 678 exercitui
574 626 788 693 praefecit3ipse
797 641 860 678 cum
871 629 930 680 suis

136 700 165 750 in
177 691 377 766 mppadociam
398 696 529 758 discedit,
550 696 781 763 coniunctamque
799 695 863 748 huic
878 697 931 748 Pa·

135 767 317 838 phlagoniam
329 771 461 833 occupat,
473 764 582 828 celans,
593 779 648 832 qua
657 765 803 818 voluntate
814 771 890 819 esset
900 769 930 819 in

136 839 247 907 regem3
266 837 336 887 ciam
348 851 410 888 cusu
421 834 609 917 Ariobarcane
621 833 688 918 facit
698 836 860 898 amicitiam,
870 849 930 918 rna-

137 904 929 1044 {tristitiaiiiishhhzhhhiiii,
1006 955 1007 960 ‘

137 1061 217 1114 spere
228 1043 422 1110 procedebant.
458 1041 555 1106 dudit,
569 1043 679 1095 Pisidas
689 1043 823 1112 quasdam
834 1045 929 1110 copias

137 1115 276 1168 adversus·
285 1127 314 1164 se
327 1126 434 1180 parare.
463 1111 565 1164 Filium
577 1128 610 1164 eo
620 1114 765 1165 Arsideum
777 1127 840 1165 cum
852 1129 933 1165 exes-

136 1186 193 1236 citu
209 1183 302 1233 mittis
342 1181 423 1234 Cadit
437 1183 464 1232 in
481 1181 589 1248 proelio
604 1183 774 1234 adolescens.
815 1181 930 1234 Profici-

137 1256 224 1306 scitur
238 1265 272 1303 eo
287 1255 437 1318 paternon
452 1252 492 1301 itu
510 1267 572 1302 cum
587 1267 689 1319 magna
705 1267 804 1315 manu,
819 1252 929 1316 celans,

138 1326 274 1392 quantum
283 1318 384 1371 vulnus
395 1321 562 1387 accepissem
585 1311 751 1388 quod'prs'us
766 1322 801 1373 ed
818 1319 929 1374 hostem

137 1391 283 1460 pervenire
294 1389 435 1462 cupiebat,
445 1403 526 1457 quam
538 1390 698 1456 decennale
713 1396 795 1458 gesta
807 1389 929 1444 iamaad

137 1459 929 1596 :biuhtitin‘ttiiiiidittti'iihii·

137 1600 236 1669 hisque
246 1600 419 1660 iociscastra
429 1600 521 1667 ponit,
531 1604 563 1650 ut
578 1615 667 1669 neque
682 1567 820 1653 circumiri
835 1567 929 1651 multi:

129 1671 235 1723 ,tudine
245 1670 469 1722 adversariorum·
486 1676 593 1738 posset,
609 1685 699 1737 neque
714 1669 855 1736 impediri,
871 1685 927 1737 quo
1008 1685 1009 1728 f

138 1743 231 1792 minus
251 1741 286 1792 ad
298 1740 484 1792 dimicandum
501 1755 612 1790 manum
627 1738 745 1791 haberet
760 1739 928 1804 expeditam.

138 1807 163 1862 3.
183 1811 253 1862 Erat
264 1817 324 1860 cum
336 1823 370 1862 eo
380 1808 633 1872 Mithrobarzanes,
644 1823 724 1860 socer
733 1809 805 1870 eius,
820 1809 931 1875 praefe-

140 1885 201 1930 ctus
212 1880 344 1945 equitum.
380 1879 422 1941 is,
443 1878 596 1945 desperatis
606 1879 702 1946 generi
713 1877 808 1939 robus',
829 1878 869 1929 ad
881 1875 929 1929 ho-

138 1947 197 2000 s'tes
207 1947 365 2016 transfugit
397 1947 578 2010 idDatames
588 1952 620 1998 ut
630 1947 743 2009 audivit,
754 1947 853 2010 sensit,
864 1949 887 1998 si
899 1949 928 1999 in

139 2016 250 2069 turbam
262 2019 379 2082 exisset,
397 2018 433 2070 ab
444 2016 556 2069 homine
571 2021 629 2078 tam
647 2031 698 2068 nec
777 2017 803 2067 'o
818 2031 849 2068 se
863 2017 929 2070 reli·
1007 2079 1009 2082 Ι

140 2093 228 2149 ctum,
259 2084 382 2139 futurum
410 2092 443 2137 ut
462 2087 550 2138 ceteri
570 2085 716 2138 consilium
767 2092 929 2154 querentur.

140 2156 166 2210 4.
185 2155 213 2206 ln
224 2155 324 2224 vulgus
336 2156 406 2220 edit:
420 2171 471 2208 suo
481 2158 557 2207 iussu
568 2155 825 2210 Mithrobarzanem
836 2157 929 2222 proic-

141 2231 215 2278 ctum
226 2241 277 2292 pro
288 2225 418 2294 perhrga,
428 2241 484 2294 quo
494 2223 605 2278 facilius
614 2205 964 2324 receptusdnteriicereffl

140 2293 245 2348 hostes.
282 2296 377 2360 Quare
391 2296 509 2364 relinqui
526 2312 589 2348 eum
601 2311 655 2348 non
667 2296 934 2362 notescendum-,1
957 2306 998 2444 Vi

61 2413 69 2424 ,
140 2380 191 2416 nes
202 2364 349 2419 confestim
360 2366 446 2433 sequi.
483 2365 599 2427 Quodsi
611 2367 703 2417 animo
718 2371 833 2418 strenuo
850 2365 961 2420 fecis-‚¹
988 2387 1005 2414 a

140 2440 215 2497 sent,
225 2435 350 2486 futurum
365 2440 397 2486 ut
412 2435 564 2486 adversarii
579 2450 634 2487 nou
648 2441 765 2500 possent
783 2436 930 2498 resistcre,

141 2517 226 2570 qnum
237 2509 266 2556 ct
275 2505 350 2556 inira
360 2503 464 2556 valluni
475 2511 505 2556 et
515 2503 585 2554 ioris
595 2503 787 2555 caederentur.
822 2502 847 2556 ὅ.
866 2504 931 2556 Hoc

139 2587 172 2623 re
183 2573 312 2637 probata,
323 2575 475 2627 exercitum
486 2572 588 2636 educit,
598 2572 856 2624 Mithrobarzanem
868 2588 931 2639 per·
972 2611 977 2629 ,

141 2642 280 2708 nequitum
303 2645 349 2708 qui
365 2649 474 2693 tantum
494 2641 568 2708 quod
587 2641 623 2692 ud
642 2639 735 2692 hostes
755 2595 997 2794 perveneran}

810 2733 987 2922 (baffi

835 2914 852 2921 4
