2054 2956
150 89 199 144 ma
329 53 538 141 corneum
559 86 748 142 uarorrs

142 192 229 248 semel
240 197 357 246 centena
367 193 568 262 quinquaglnta
576 191 616 244 M.
626 197 660 244 ut
668 198 768 244 auctor
776 197 819 246 est
828 193 940 260 Varro,

143 269 172 316 et
191 262 250 315 fere
270 269 387 314 veteres.
421 262 514 330 Nepos
534 263 678 313 cornelius
698 266 826 316 trecenta
841 265 940 317 millia

142 330 722 402 quinquaffl‘ntaadlieit.Plin.d,12.s.24.
854 329 859 334 '

196 403 229 453 ln
237 417 288 452 ora
297 401 414 462 Oceani,
428 399 539 452 colonia
547 403 673 468 Augusti,
684 401 756 453 lulla
767 402 937 454 Constantia
996 447 1004 450 -

144 478 198 524 etc.
209 475 237 522 et
246 469 281 522 ab
292 486 325 522 ea
335 470 441 522 xxxu
451 470 489 520 M.
506 484 578 536 pass.
590 471 698 526 colonia
709 471 851 522 aclaudio
864 473 937 523 Cae-

142 555 206 592 sare
226 539 309 601 facta,
328 540 422 590 Lixos.
450 539 491 590 lbi
511 541 589 606 regia
609 541 715 602 Antaei,
734 545 937 608 certamenque

143 625 205 664 cum
221 609 356 671 Hercule,
376 613 405 659 et
416 607 599 676 Hesperidum
612 610 695 660 Horti
711 615 763 662 etc.
791 605 936 668 Exstatin
961 669 964 674 ¹
1011 623 1012 628 ¹

143 695 177 733 ea
192 684 220 730 et
234 693 284 732 ara
297 677 436 740 Herculis,
456 693 508 729 nec
527 684 639 744 praeter
653 678 790 730 oleastros
806 678 883 729 aliud
899 694 937 730 ex

142 754 259 806 narrato
273 747 324 798 illo
335 747 459 798 aurifero
475 761 596 800 nenrore.
623 747 718 798 Minus
738 747 864 812 profecto
884 749 935 800 mi-
1011 793 1012 816 ,

141 825 240 871 rentur
249 822 412 885 portentosa
419 817 551 869 Graeciae
562 817 713 880 mendacia,
724 816 758 868 de
768 818 841 882 iiset
850 833 935 868 anrne
1005 823 1012 896 'J

141 887 216 940 Lixo
226 887 344 954 prodita,
356 888 402 955 qui
414 889 544 954 cogitent,
554 889 666 937 nostros
677 901 767 952 nuper
776 887 873 952 paullo
884 889 934 937 mi-

142 971 195 1009 nus
203 955 372 1009 monstrifica
381 957 516 1024 quaedam
527 957 561 1008 de
570 956 668 1008 iisdem
678 956 840 1008 tradidisser
854 971 933 1022 prae-

80 1063 85 1068 ·
142 1027 261 1079 validam
273 1025 344 1078 hanc
358 1029 469 1089 urbem,
488 1029 677 1093 maioremque
693 1024 860 1092 Carthagine
876 1040 933 1076 ma·

143 1111 212 1164 gna3
232 1093 378 1162 praeterea
389 1111 423 1148 ex
434 1097 550 1148 adverso
560 1098 619 1148 eius
630 1098 726 1158 sitam,
747 1100 775 1146 et
784 1107 870 1162 prope
881 1096 932 1144 im·
1011 1095 1012 1104 ’

143 1163 238 1217 menso
249 1170 341 1217 tractu
352 1167 386 1217 ab
397 1166 493 1234 Tingi:
514 1181 639 1233 quaeque
654 1166 710 1218 alia
721 1165 868 1217 Cornelius
877 1163 938 1216 Nc-¹

142 1250 194 1304 pos
206 1234 363 1286 avidissime
374 1235 500 1286 credidit
523 1235 597 1288 Plin.
609 1234 634 1299 b,
647 1235 674 1300 l,

195 1304 286 1371 Aliqui
296 1305 496 1360 interl'ontum
503 1309 531 1356 et
538 1305 665 1371 Caspium
676 1319 752 1368 mere
761 1301 933 1355 cchxxv
948 1309 953 1318 '

143 1371 183 1426 Μ.
194 1389 266 1440 pass.
278 1389 332 1425 non
344 1374 462 1440 amplius
473 1376 608 1427 interesse
619 1373 807 1425 tradiderunt:
829 1373 932 1424 Corne·

64 1487 67 1491 .
142 1443 198 1496 lius
211 1443 304 1510 Nepos
316 1445 384 1496 CCL
394 1445 433 1495 M.
456 1443 567 1508 runo,
581 1442 620 1496 11.
632 1460 653 1494 s.
667 1443 707 1495 12.
1011 1495 1012 1502 χ

47 1573 51 1580 Ι
197 1513 332 1581 Polybius
343 1515 371 1564 in
383 1521 508 1566 extrema
519 1514 690 1566 Mauritania
701 1517 799 1564 contra
810 1514 931 1561 montem

143 1581 282 1635 Atlantem
295 1589 397 1634 eterra
407 1583 497 1636 stadia
508 1588 571 1634 octo
582 1584 678 1635 abesse
688 1581 932 1650 prodiditCernen.
1011 1569 1012 1652 ]

144 1653 239 1719 Nepos
249 1653 393 1704 Cornelius
413 1659 450 1704 ex'
468 1652 584 1704 adverso
599 1653 718 1714 maxime
731 1649 932 1716 Carthaginien
1011 1685 1012 1732 ᾗ

145 1723 306 1774 continente
327 1737 423 1788 passus
443 1721 533 1772 mille:
555 1736 610 1772 non
632 1721 795 1787 ampliorem
814 1719 931 1770 circuitu

146 1790 254 1843 duobus
265 1791 395 1844 millibus,
419 1789 494 1844 Plio.
504 1790 531 1854 6,
540 1788 583 1843 ³1.
596 1806 618 1842 r.
628 1788 672 1842 36.

197 1859 290 1926 Nepos
310 1860 468 1923 Cornelius,
489 1861 535 1928 qui
556 1860 620 1911 Divi
639 1860 756 1927 Augusti
776 1856 932 1926 principatu

146 1930 226 1982 obiit:
247 1929 303 1992 Me,
318 1930 417 1996 inquit,
437 1930 534 1980 iuvene
545 1929 670 1981 violacea
680 1944 803 1996 purpura
813 1928 932 1994 vigebat,

79 2035 81 2057 .
146 2001 224 2053 cuius
234 1998 307 2050 libra
317 1998 438 2050 denariis
449 2005 560 2050 centum
571 1999 697 2062 renibat3
709 2013 760 2050 nec
768 1996 858 2048 multo
870 1999 931 2062 post
1011 2041 1012 2046 ,

144 2071 232 2122 rubra
251 2069 412 2120 Tarentina.
448 2067 522 2119 Huic
543 2070 676 2121 successit
696 2065 816 2134 dibapha
835 2065 930 2134 Tyria,
979 2127 981 2132 Ι
1011 2085 1012 2098 2

145 2140 255 2208 quaein
267 2137 351 2190 libras
362 2137 483 2188 denariis
494 2137 571 2190 mille
580 2153 636 2189 non
651 2139 762 2204 poterat
772 2137 835 2188 emi.
852 2169 855 2178 ·
871 2136 931 2186 Hac

146 2209 175 2260 l’.
193 2206 331 2259 Lentulus
350 2205 496 2272 Spinther,
514 2207 618 2266 Aedilis
635 2206 761 2268 (lunulis,
779 2207 884 2273 primus
901 2203 929 2254 in
1011 2197 1012 2226 ³

145 2281 288 2344 praetexta
298 2291 364 2327 ussrs
380 2277 566 2342 improbatur:
584 2291 640 2345 qua
657 2289 781 2343 purpura
797 2276 859 2342 quis
876 2285 928 2326 non

144 2349 209 2409 iam,
219 2345 318 2414 lnquit,
328 2344 493 2396 tricliniaria
502 2343 587 2406 faeitl
604 2343 679 2398 Plio.
690 2344 716 2408 6,
727 2342 768 2396 39.
780 2359 800 2395 a.
811 2342 855 2396 63.
948 2389 952 2392 .

197 2414 342 2483 onychem
355 2415 509 2466 etiamtum
528 2416 558 2464 in
572 2415 689 2466 Arabiae
708 2413 863 2476 montibus,
881 2423 930 2463 nec

145 2495 263 2550 usquam
274 2484 360 2535 aliubi
373 2484 448 2534 nasei
459 2488 595 2549 putauere
609 2481 698 2536 nostri
713 2488 835 2547 reteres3
856 2480 930 2533 Sudi-

146 2566 206 2614 nes,
218 2553 245 2602 in
257 2549 415 2614 Germania,
429 2552 547 2618 potoriis
557 2553 629 2602 rasis
638 2552 703 2604 inde
713 2551 795 2604 factis
804 2552 928 2618 primum,

147 2621 212 2674 dein
230 2620 345 2688 pedibus
366 2621 504 2672 lectorum
523 2619 668 2688 sellisque=
688 2619 834 2672 Cornelius
844 2619 930 2688 Nepos

147 2689 236 2742 tradit
255 2703 356 2758 magno
376 2689 468 2743 fuisse·
482 2689 627 2756 miraculo,
647 2705 732 2761 quum
752 2690 784 2744 Ρ.
798 2689 930 2744 Lentulus
961 2718 962 2728 κ
1011 2717 1012 2742 1
