2032 2962
116 141 121 150 ,
182 95 219 154 sa
282 87 868 151 manumitterentur
938 49 941 58 ¹

181 199 394 254 Pharnabazum
403 194 433 250 in
443 199 535 273 Asiam
545 199 674 250 transiits‘
686 198 887 268 quenlquidem
898 201 970 256 adeo

181 285 234 322 sua
243 271 317 336 cepit
327 267 507 330 humanitate,
513 273 545 318 ut
554 283 618 320 eum
630 283 710 320 nemo
720 270 749 319 in
759 269 882 320 amicitia
892 277 969 324 aute-

183 339 304 390 cederet.
340 335 465 404 Namque
479 338 506 388 ei
522 335 659 388 Granium
672 336 789 390 dederat
802 339 832 390 in
846 337 970 408 Phrygia

182 413 318 470 castrum,
339 419 374 458 ex
386 421 439 476 quo
451 407 643 476 quinquagena
652 405 761 460 talenta
771 407 915 476 vectigalis
926 425 970 462 ca

181 475 284 542 piebat.
311 473 338 528 4.
357 475 419 538 Qua
430 475 543 527 fortuna
552 475 709 530 Alcibiades
720 491 775 527 non
786 481 847 529 erat
856 481 970 530 conten·

134 541 150 568 ‘
180 551 235 607 tus,
246 543 462 612 nequehthenas
471 545 558 596 victas
568 543 798 598 Lacedaemoniis
808 547 912 598 servire
922 561 970 614 yo-

180 618 256 666 terat
270 615 335 680 pati.
370 615 468 681 ltaque
482 607 647 680 ad'patriarn
663 613 835 667 liberandam
845 616 920 667 omni
932 614 970 668 le-

180 683 298 736 rebatur
312 685 489 752 cogitatione.
523 680 549 735 ὅ.
568 679 623 746 Sed
639 683 760 746 videbat,
780 684 810 736 id
822 683 883 736 sine
902 699 970 752 roge

145 783 150 794 ι
179 749 329 805 Persarum
340 768 393 805 non
405 767 485 819 posse
496 752 569 802 lieri:
585 749 703 820 ideoque
714 767 776 804 eam
786 755 907 805 amicam
917 755 970 806 sibi

181 821 312 889 cupiebat
322 822 448 889 adiungi;
467 835 557 888 neque
566 818 725 890 dubitabat,
740 820 823 874 facile
833 838 864 876 sc
874 837 970 876 conse·

181 898 324 956 cuturunr,
343 892 367 942 si
377 889 460 942 modo
473 889 532 941 eius
546 888 728 941 conveniendi
742 887 884 944 habuisset
893 898 970 960 pote·

152 951 164 970 '
181 965 291 1014 statem.
307 1021 308 1025 ἵ
327 959 398 1012 Nam
408 961 513 1026 Cyrum
528 956 644 1010 tratrem
656 960 681 1010 ei
691 958 796 1010 bellurn
807 960 879 1014 clam
890 975 969 1028 para-

181 1046 225 1093 re,
236 1029 466 1082 Lacedaemoniis
472 1028 682 1091 adiuvantibus,
697 1029 813 1080 sciebatr
833 1030 863 1082 id
873 1031 897 1083 si
907 1045 970 1100 ape·

181 1100 296 1161 ruisset,
306 1113 434 1166 magnam
446 1111 476 1149 se
485 1097 619 1148 initurum
630 1098 751 1166 gratiam
761 1098 882 1152 videbat.

233 1167 269 1220 X.
287 1168 366 1219 llaec
376 1181 459 1234 quum
471 1166 631 1230 moliretur,
646 1172 810 1238 peteretque
819 1183 838 1220 a
847 1163 969 1222 Pharas·

180 1237 266 1300 tezo,
286 1243 318 1286 ut
328 1236 362 1288 ad
374 1245 467 1304 regern
477 1237 648 1300 mitteretur,
669 1237 767 1293 eodem
778 1243 904 1306 ternpore
913 1239 970 1290 Cri·

181 1309 235 1360 tias
246 1306 387 1373 ceterique
397 1307 511 1372 tyranni
521 1304 731 1359 Atheniensium
741 1311 834 1362 certos
844 1305 970 1361 homiues

180 1377 217 1430 ad
227 1375 404 1442 Lysandrum
418 1376 448 1426 in
458 1375 551 1426 haiam
565 1375 714 1440 miseruut,
734 1377 780 1446 qui
795 1391 858 1430 eum
869 1379 970 1429 certio·

180 1461 240 1500 rem
251 1444 389 1508 lacerent,
408 1446 462 1497 nisi
472 1444 642 1498 Alcibiadem
651 1446 824 1510 sustulisset,
843 1441 971 1498 nihilea·

179 1529 347 1573 cumrerum
357 1514 418 1568 lore
429 1519 529 1578 ratum,
541 1528 609 1582 quas
619 1516 680 1582 ipse
686 1514 802 1568 Athenis
812 1515 971 1574 constituis-

180 1591 232 1640 set.
268 1585 536 1650 Quare,sisuasres
566 1589 639 1636 estas
652 1583 873 1648 macerarellet,
890 1583 972 1640 illurn

181 1660 406 1724 persequeretur.
440 1653 467 1707 2.
484 1654 537 1706 llis
594 1667 627 1706 cc
642 1654 724 1707 rebus
739 1658 895 1706 commotus
905 1660 971 1716 ‚sta-

180 1727 248 1790 tuit,
272 1725 430 1777 accuratius
454 1723 507 1775 sibi
531 1722 669 1792 agendum
692 1738 756 1776 cum
779 1721 971 1775 Pharnabazo.

181 1796 256 1848 lluic
267 1809 333 1862 ergo
344 1793 499 1856 renuntiat,
515 1807 586 1860 quae
597 1794 657 1860 regi
668 1795 730 1844 cdrn
740 1791 973 1845 Lacedaemoniis

182 1860 974 1926 essent,irritafaturaniaihlcibiadcmvirumautmor·

181 1941 261 1988 tuum
270 1931 440 1986 tradidisset.
472 1929 498 1984 3.
515 1927 579 1982 Non
589 1929 656 1982 tulit
665 1928 718 1980 hoc
726 1933 864 1996 mmapes,
875 1933 906 1982 et
916 1931 973 1983 vio-

108 2053 109 2057 ,
183 2003 244 2058 lare
264 2002 453 2064 clementiam,
474 2015 557 2068 quani
577 2001 736 2068 reginopes
755 1998 844 2052 minui
863 1999 974 2053 maluit.

181 2073 279 2143 ltaque
289 2072 365 2123 misit
370 2067 561 2138 Sysamithren
572 2075 601 2122 et
610 2068 973 2138 Bagacum'adhlcibiadem

181 2142 417 2203 interficiendum,
428 2137 511 2208 quum
522 2138 572 2193 ille
582 2144 657 2193 esset
670 2141 700 2190 irl
712 2137 849 2210 Phrygia,
862 2139 974 2208 iterque

182 2213 219 2266 ad
228 2225 322 2281 regern
330 2213 515 2276 ,conpararet
549 2209 576 2264 4
595 2209 676 2262 Missi
687 2208 759 2262 clam
773 2209 924 2274 vicinitati,
943 2211 971 2262 in

182 2297 238 2352 qua
248 2287 308 2334 tum
318 2278 472 2332 Alcibiades
483 2284 556 2344 erat,
574 2278 643 2330 dant
652 2279 810 2347 negotium,
819 2284 852 2331 ut
861 2294 924 2332 eum
933 2279 972 2330 in-

181 2353 330 2406 terficiant
357 2349 405 2402 llli
413 2363 497 2418 quum
509 2345 597 2416 [sum]
609 2347 684 2401 ferro
695 2347 811 2417 aggredi
820 2348 971 2424 conaude-

180 2435 253 2485 rant,
264 2424 349 2474 noctu
364 2417 441 2488 ligna
454 2417 634 2472 contulerunt
652 2418 727 2468 circa
745 2431 838 2469 casam
848 2433 924 2482 earn,
942 2419 972 2469 in

181 2489 417 2574 quaquiescehat,
437 2486 780 2554 eamquesuccenderunts
800 2485 973 2569 utinceadio

55 2637 79 2664 .
181 2545 973 2688 aartetrueecurrreemteitn

180 2691 569 2763 summeraatarbducbu.
579 2689 784 2752 humanm
792 2689 973 2768 amalmate-
998 2699 999 2712 ¹
