2032 2962
156 141 192 196 ul
271 139 322 199 vl.
339 137 578 197 bisinnus.
601 131 684 196 GAP.
702 141 840 201 ll-IVs

158 245 324 300 erudelitate
334 259 367 298 co
386 244 503 314 pertidia
517 245 585 298 satis
600 249 644 314 est
662 261 747 300 unam
761 263 835 312 rein,
853 260 947 302 exem-

104 367 115 382 „
158 315 199 384 oli
248 317 318 379 atie,
335 314 476 382 proferre,
495 328 531 367 ne
541 314 576 367 de
586 315 684 368 eodem
693 317 774 384 plura
784 333 947 370 enumeren-

158 385 194 438 do
233 383 396 456 eiatigenrus
410 384 538 438 lectores.
574 385 600 438 2.
620 385 716 438 Victor
732 399 767 440 ex
778 388 844 439 Asia
859 401 946 454 quum

155 459 356 518 reverteretur,
376 453 554 523 Thasumque
567 454 826 525 devertisset,quod
836 470 869 507 ca
879 457 945 508 civi-

156 523 356 590 tespreeeipua
365 523 420 576 lide
431 523 524 576 tuerer
534 539 601 592 erga
610 523 807 590 Athenienses,
826 524 944 592 proinde
996 525 1001 543 “

156 607 189 644 ac
203 593 226 643 si
237 593 321 644 iidem
334 593 482 666 firmissimi
496 593 619 648 solerent
634 589 803 662 esseomiei,
823 597 870 664 qui
880 608 943 645 oon-

155 666 262 714 stantes
271 661 389 714 fuissent
398 653 516 726 inimici,
536 660 598 716 ear‘n
608 664 766 730 pervertere
777 664 943 730 concupivit.

155 727 180 784 3.
210 731 289 784 Vidit
298 736 405 795 nutem,
420 733 477 796 ,nisi
491 733 520 783 in
535 745 568 791 σο
579 733 747 790 occultasset
760 733 943 796 voluntatem,

155 798 291 865 iutulurn,
299 805 331 852 ut
340 799 437 852 Thasii
447 801 647 867 dilaberentur,
656 801 887 872 consulerentque
898 814 942 856 re·

154 869 282 922 bussuis.
317 870 486 938 1taque†††
899 917 906 925 .

206 937 255 992 lll.
274 938 336 1006 †††
355 937 564 1008 decemviralem
579 937 658 992 subm
669 945 836 1009 potestatem
849 942 893 992 sui
907 941 943 992 ob

154 1006 205 1060 illo
225 1009 404 1060 constitutam
418 1009 599 1062 sustulerunt.
628 1011 691 1074 Quo
701 1010 799 1064 dolore
813 1012 943 1062 intensus

153 1079 217 1130 iniit
227 1079 447 1146 consilio,reges
457 1077 742 1134 Lacedaemoniorum
750 1079 859 1132 tollere.
887 1077 944 1149 Sed

154 1149 306 1211 sentiebat,
325 1147 355 1199 id
365 1162 395 1201 se
411 1149 471 1200 sine
486 1159 538 1216 ope
554 1150 670 1202 deorum
686 1149 779 1201 facere
793 1161 847 1200 non
860 1161 953 1215 posse,

155 1215 230 1286 quod
243 1215 459 1276 Lacedaemonii
474 1220 568 1272 omnia
583 1219 619 1271 ad
634 1217 748 1271 oracula
756 1216 864 1270 referre
881 1232 961 1272 con-a

153 1291 308 1339 sueverant
326 1287 352 1338 2.
359 1286 480 1339 Primum
487 1285 615 1356 Delphos
618 1302 800 1354 corrumpere
807 1291 852 1340 est
861 1300 945 1339 eona·

152 1361 212 1420 tus,
233 1357 325 1420 Quum
333 1356 362 1407 id
372 1369 428 1408 non
442 1359 590 1425 potuisset,
604 1355 752 1408 Dodonam
766 1355 881 1409 adortus
892 1360 943 1408 est.

152 1425 226 1478 Hinc
236 1423 346 1494 quoque
355 1425 574 1492 repulsus'dixit,
581 1441 611 1478 se
621 1430 687 1482 voto
695 1426 944 1494 suscepisse,'quae
960 1462 962 1466 .

151 1494 210 1547 lovi
218 1495 368 1547 Hammoni
377 1495 510 1548 solveret:
521 1495 691 1559 existimans,
701 1509 731 1548 se
741 1493 824 1565 diros
835 1493 944 1546 facilius

95 1573 101 1584 '
153 1568 360 1634 corrupturum.
395 1563 421 1618 ³.
441 1564 808 1634 Haespequumprolectus
824 1569 899 1616 esset
913 1565 943 1614 in

78 1657 86 1670 κ
152 1633 288 1698 Africam,
312 1632 432 1686 multum
449 1649 512 1688 eum
532 1635 670 1688 antistites
685 1635 757 1688 loris
772 1633 942 1687 fefellerunt

88 1741 91 1747 f
151 1703 222 1756 Nem
233 1718 288 1756 non
299 1703 390 1756 solum
401 1707 605 1774 eorrumpinon
615 1709 780 1774 potuerunt,
798 1703 943 1756 sedetiam

90 1823 94 1828 .
152 1771 504 1840 legatosLaeedaemonem
513 1772 943 1842 miseruntquiLysandrumuc-

152 1848 294 1906 amarent,
310 1842 385 1912 quod
394 1845 553 1897 sacerdotes
564 1843 622 1895 feni
633 1857 811 1910 corrumpere
827 1848 942 1894 conatus

152 1915 234 1964 esset.
254 1912 280 1964 4.
291 1915 440 1976 Accusatus
450 1912 502 1965 lroc
512 1914 635 1977 crimine,
643 1911 821 1980 iudicumque
831 1911 941 1964 absolu·

152 1987 198 2033 tus
215 1983 375 2043 sententiis,
394 1980 586 2048 Orchomeniis
602 1980 702 2033 missus
716 1981 852 2045 subsidio,
871 1981 942 2034 ocei-

152 2065 199 2103 sus
210 2057 254 2104 est
268 2066 285 2102 a
301 2049 440 2103 Thebanis
454 2049 528 2120 opud
543 2050 711 2104 Haliartum.
738 2049 763 2104 5.
775 2051 865 2116 Quam
875 2065 941 2104 vere

136 2169 140 2176 .
152 2121 187 2174 de
197 2135 230 2174 eo
241 2119 316 2172 foret
324 2119 488 2186 iudicatum,
503 2123 593 2174 oratio
603 2117 706 2174 indicio
717 2119 784 2186 luit,
795 2137 866 2190 quae
876 2125 942 2188 post

148 2197 269 2246 mortem
280 2191 308 2242 in
319 2189 401 2242 domo
413 2191 472 2243 eius
481 2196 593 2260 reperte
603 2198 659 2258 est,
673 2193 703 2244 in
714 2207 769 2312 Ἥιια
778 2189 878 2247 suadet
887 2191 940 2242 La·
1006 2231 1007 2234 ,

70 2292 71 2296 κ
151 2261 321 2315 eedaemon⁰
381 2262 490 2330 t,regia
500 2267 639 2329 potestate
651 2263 727 2316 disse
738 2266 795 2322 ute,
804 2273 843 2312 ex
851 2259 939 2313 omni-

151 2331 203 2380 bus
225 2330 280 2381 dors
392 2333 439 2382 tur
459 2330 494 2382 ed
513 2327 617 2385 bellum
637 2330 806 2402 gerendum}
829 2326 880 2380 sed
898 2329 940 2380 ita

151 2399 267 2466 scripta,
285 2397 447 2452 arideorum
457 2400 599 2454 uideretur
609 2413 764 2470 congessere
774 2397 938 2462 sententiae,

152 2481 234 2538 quom
244 2467 294 2520 ille
304 2481 335 2521 se
349 2465 522 2534 habiturum,
542 2473 659 2538 pecunia
674 2459 776 2532 fidens,
794 2482 850 2519 non
861 2467 939 2521 dubi·

150 2536 236 2618 tabat
264 2537 345 2590 Hunc
359 2537 386 2591 oi
399 2539 542 2607 scripsisse
557 2541 643 2594 Cleon
650 2537 885 2592 Halicarnasseus
899 2537 938 2592 dl·
962 2569 965 2575 ,

152 2612 232 2658 estur.
509 2657 510 2662 ,
642 2621 644 2624 ·
1006 2657 1007 2672 χ

205 2671 247 2724 lV.
265 2675 354 2744 Atque
368 2673 421 2730 boc
436 2676 498 2731 luco
513 2691 567 2730 non
585 2682 628 2730 est
646 2677 880 2746 praetereundum
899 2675 938 2730 la·
1006 2681 1007 2714 l

152 2753 225 2796 *um
235 2741 414 2810 Pharnabazi,
423 2743 631 2816 sauapis'regii.
657 2746 729 2802 Nam
741 2763 826 2818 quum
833 2749 939 2817 Lysarr-

348 2899 479 2954 ι...
