2032 2962
236 112 327 168 x111.
345 113 613 170 TIMO'l'HEVS.
635 115 673 170 11.
697 114 771 176 111,
858 115 892 171 51

97 222 198 288 titiae,
208 225 240 271 ut
252 225 311 270 tum
322 223 442 287 primum
452 219 519 272 ar'ae
529 219 594 272 Paci
605 219 715 287 publice
726 221 782 272 sint
793 219 893 285 saetae,

96 293 186 359 eique
197 291 266 346 deae
275 290 404 356 pulvinar
413 293 450 341 sit
460 293 466 304 ’
488 293 626 344 stitutum.
637 288 661 341 3.
670 289 754 341 Cuius
765 277 893 342 laudisut

59 393 64 400 -
94 361 238 413 memoria
248 364 387 422 nraneret,
397 361 430 411 Ti
479 358 543 410 theo
558 360 667 425 publice
677 364 799 410 statuam
809 362 837 410 iu
852 359 892 410 fo-

94 445 132 483 ro
144 435 307 498 posuerunt.
349 429 403 492 Qui
416 428 505 480 honos
519 427 582 479 huie
596 431 643 478 uni
659 423 723 480 a'nte
738 429 766 480 id
781 435 890 496 tempus

96 501 234 566 contigit:
245 503 291 561 ut,
303 513 387 566 quum
397 501 469 566 patri
479 498 597 566 populus
607 503 728 549 statuam
743 502 890 565 posuisset,

99 570 166 620 filio
176 582 287 636 quoque
297 568 385 619 daret.
406 567 453 620 Sic
461 571 540 618 iuxta
550 568 640 634 posita
649 581 746 620 reeens
755 569 805 621 iilii
815 575 889 621 rete-

95 653 160 692 rem
172 639 261 703 patris
271 638 415 688 renovarit
425 639 595 690 memoriam.

155 707 204 758 111.
223 705 278 758 Hie
288 722 372 774 quum
383 713 458 759 esset
467 721 568 774 magno
580 710 657 770 natu,
667 710 697 759 et
710 709 900 775 magistratus

96 775 890 844 gereredesissetbellohtheniensesundiquepremisunt

99 847 202 912 coepti.
238 845 389 898 Defecerat
400 845 512 908 Samum
523 845 660 898 descierat
674 847 888 913 Hellespontum

98 915 246 982 Philippus
255 916 310 967 iarn
322 923 380 967 tum
389 915 485 968 valeus
497 913 640 983 [Macedo]
656 916 746 968 multa
759 915 889 968 molieba-

97 990 160 1037 tur:
180 987 225 1036 eui
237 988 380 1052 oppositus
390 984 493 1038 Chares
504 1001 587 1054 quum
605 991 691 1049 esset,
706 999 761 1038 non
778 988 846 1041 satis
861 989 889 1037 in

98 1069 134 1108 eo
145 1055 277 1122 praesidii
288 1057 446 1121 putabatur.
474 1056 501 1106 2.
521 1055 567 1106 Fit
577 1054 755 1108 Menestheus
766 1061 890 1124 praetor,

98 1125 175 1176 filius
184 1123 344 1190 Iphicratis,
359 1139 446 1194 gener
459 1123 612 1188 Timothei,
629 1130 669 1189 et,
684 1133 716 1176 ut
734 1126 768 1178 ad
783 1125 889 1178 bellum

41 1207 45 1215 ·
98 1195 308 1262 proficiscatur,
328 1195 494 1246 decernitur.
530 1196 603 1247 Huic
616 1198 644 1246 in
662 1197 807 1247 consilium
823 1195 890 1247 don-

99 1271 148 1316 tur
157 1264 213 1316 duo
223 1279 276 1314 usu
287 1267 476 1332 sapientiaque
486 1269 669 1332 praestantes,
676 1281 794 1334 quorum
805 1268 891 1316 consi-

58 1395 60 1400 .
98 1335 140 1386 lio
150 1339 293 1398 uteretur,
301 1340 382 1402 pater
392 1340 421 1388 et
434 1350 526 1388 socer:
549 1336 623 1404 quod
632 1337 662 1386 in
679 1334 720 1387 his
736 1341 815 1410 tanta
829 1340 892 1387 erat

101 1404 270 1465 auotoritas,
279 1411 312 1456 ut
322 1419 423 1474 magna
432 1419 494 1472 spes
506 1411 587 1468 esset,
598 1421 650 1473 per
659 1420 706 1458 eos
717 1408 818 1456 amissa
827 1419 890 1472 pos-

101 1489 133 1526 se
144 1475 312 1538 recuperari.
323 1472 392 1526 am
403 1490 488 1543 quum
500 1475 612 1526 Samum
624 1475 739 1542 proiecti
751 1479 851 1537 essent,
862 1480 892 1526 et

103 1543 203 1596 eudem
216 1541 334 1607 Chares,
344 1545 465 1597 adventu
477 1543 614 1610 [illorum]
626 1547 751 1611 cognito,
761 1559 822 1595 eum
834 1545 891 1594 suis
909 1604 914 1618 Ι

103 1614 191 1679 copiis
202 1615 434 1680 proficisceretur,
445 1629 480 1664 ne
491 1615 557 1680 quid
569 1613 684 1663 absente
694 1627 725 1663 se
734 1618 843 1678 gestum
854 1615 891 1664 vi·
953 1611 956 1616 '

103 1683 233 1745 heretum
244 1683 353 1746 accidit,
364 1681 489 1751 quumad
499 1682 616 1732 insulam
629 1684 892 1748 appropinquarent,

102 1759 136 1804 ut
147 1768 247 1820 magna
257 1758 407 1820 tempestas
418 1755 552 1804 inuretur:
573 1765 654 1818 quam
665 1752 770 1801 evitare
782 1751 837 1802 duo
846 1766 891 1802 re·

103 1829 179 1874 teres
189 1809 372 1889 imper'atores
382 1823 451 1876 utile
462 1822 589 1872 arbitrati
605 1835 682 1870 suam
698 1820 815 1872 classem
831 1836 900 1888 sup‹

5 1935 7 1940 .
27 1937 32 1946 ,
102 1896 274 1960 presserunt.
310 1891 335 1942 4.
354 1894 390 1945 nt
400 1891 620 1966 iiie,temmarja
632 1905 698 1941 usus
708 1892 825 1954 ratione,
835 1904 892 1941 non

105 1964 189 2028 cessit
198 1964 334 2032 maiorum
344 1967 412 2013 natu
423 1963 598 2032 auctoritati,
609 1965 651 2023 et,
661 1970 693 2012 ut
702 1963 724 2012 si
734 1964 763 2012 in
779 1977 830 2012 sua
844 1976 891 2011 na-

104 2034 129 2083 vi
141 2037 216 2083 esset
222 2029 342 2090 fortuna,
354 2047 408 2100 quo
421 2032 611 2094 contenderat,
622 2034 759 2097 pervenit:
781 2031 903 2083 eodem·

106 2106 205 2170 queat
221 2113 419 2168 sequerentur,
432 2101 469 2152 ad
487 2100 665 2153 'l'imotheum
681 2106 710 2153 et
724 2100 889 2168 Iphicratem

105 2173 233 2222 nuntium
244 2171 325 2220 misit
366 2171 453 2232 Hine,
464 2170 537 2221 male
548 2187 579 2222 re
589 2177 680 2238 gesta,
702 2169 891 2235 compluribus

105 2241 214 2292 amissis
225 2241 353 2303 nauibus,
362 2240 473 2301 eodem,
484 2239 558 2290 unde
569 2245 630 2292 erat
640 2239 796 2306 profectus,
807 2254 837 2288 se
849 2253 891 2289 re·

106 2309 356 2380 cepitlitterasque
362 2309 484 2362 Athenas
494 2309 603 2374 publice
614 2311 696 2371 misit,
707 2310 757 2359 sihi
768 2307 891 2374 proclive

106 2379 204 2441 fuisse,
215 2377 327 2430 Samum
340 2395 451 2446 capere,
462 2380 514 2430 nisi
525 2393 542 2428 a
552 2373 699 2430 Timotheo
711 2382 740 2429 at
754 2375 892 2442 iphicrate

16 2447 21 2460 ⁴
81 2487 84 2491 -
106 2449 325 2512 desertuaesset.
356 2448 382 2502 h.
402 2449 527 2516 [Oboam
540 2463 596 2500 rem
607 2450 634 2497 in
647 2449 751 2503 crimen,
761 2446 892 2498 vocaban-

16 2561 18 2568 ,
71 2505 82 2607 j
106 2517 175 2584 tua]
212 2518 334 2582 Populus
346 2535 416 2581 acer,
426 2519 562 2585 suspicax,
574 2515 692 2577 mobilis,
704 2515 902 2582 adversarius,
982 2577 987 2586 s

76 2627 80 2641 .
105 2588 472 2654 insidusetiamputentiae,
493 2587 741 2636 domumrerocut:
763 2597 892 2635 accusari·
914 2645 917 2652 k

107 2665 155 2708 tur
165 2656 336 2722 proditionis.
371 2659 434 2711 Hoc
443 2657 544 2708 iudicio
559 2655 707 2705 damnatur
721 2653 892 2708 Timotheus,

109 2726 195 2794 lisque
206 2729 265 2779 eius
277 2729 440 2780 aestimatur
451 2731 562 2800 centum
574 2723 696 2843 talessti2s.
746 2722 812 2782 ille,
828 2719 891 2768 odio
989 2733 992 2735 ·
