2054 2956
237 91 241 106 ’
346 95 622 177 ruienaurn.
797 153 800 166 ·
831 121 882 179 rue

7 205 18 310 Ι,
89 229 151 323 Μ,
168 227 286 316 Tolle·
299 229 557 304 ciceronem
571 232 680 303 Corn.
694 226 882 328 Nepotem

176 378 179 388 ,
249 381 252 390 ,
327 326 519 395 Epistularum
528 327 590 380 Lib.
601 327 641 381 11.

56 425 64 438 ·
141 394 240 464 ltaque
251 398 443 464 nentiquam
456 399 557 461 omnia,
569 413 643 464 quoe
651 397 825 460 dixissemus,
840 397 880 449 di-

92 471 249 518 ctaessent:
271 480 342 533 quae
353 465 444 518 facete
456 473 485 518 et
495 467 629 534 breqiter,
642 471 671 517 et
680 473 760 518 acute
772 467 881 534 loquuti

92 549 230 599 essemus,
249 549 283 587 ea
297 536 410 602 proprio
426 537 538 588 nomine
553 535 688 602 adpellari
702 536 777 588 dieto
790 536 882 600 solue·

91 609 167 656 runt.
179 601 306 660 Moerob.
316 605 344 668 2,
356 604 379 656 l.
392 603 452 656 Not.

182 677 245 748 Ae
265 677 436 748 eumdem
457 699 508 748 ea
528 674 624 748 libro
644 676 819 748 moerim·
868 674 872 683 ’

144 774 208 827 Hoc
226 775 369 826 restiterat
389 776 483 837 etiam,
502 779 536 826 ut
549 787 567 823 a
580 776 609 825 te
623 775 697 844 fietis
712 773 882 843 adgredersr

2 833 8 860 ⁴
94 842 184 894 donis.
201 843 341 897 Priscian.
352 845 369 896 1.
380 844 405 895 8.
420 846 515 898 (iram.
523 859 551 912 p.
562 841 622 894 ⁷92.

23 957 27 964 ,
95 949 99 970 .
132 911 882 1033 teuipbqllsleeuino.adpsnturzquiestpnnpemspee.

93 995 130 1032 ne
144 997 186 1034 ur.
234 999 272 1033 e.

145 1049 235 1113 Quidi
253 1055 395 1102 oratorum
411 1067 492 1120 quem
507 1049 651 1115 baioarii,
665 1047 790 1112 Caesari)
806 1057 881 1102 ante

92 1133 180 1187 pones
195 1135 291 1172 eorum
306 1121 353 1188 qui
368 1119 437 1172 nihil
454 1121 531 1174 aliud
547 1120 761 1189 egerenti-quis
771 1127 882 1172 tenten-

92 1191 140 1242 tiis
156 1193 207 1241 aut
220 1192 330 1242 acutior
345 1197 395 1242 aut
410 1189 549 1243 crebriori
569 1192 630 1259 quis
640 1190 731 1244 uerbis
742 1197 791 1242 aut
801 1204 881 1241 orne·

36 1273 42 1298 ·
92 1261 149 1311 tior
160 1263 210 1310 aut
219 1253 561 1327 elegantiori-Suetcaes'.
571 1275 594 1312 o.
604 1257 647 1312 55.
710 1320 713 1326 ¹

148 1329 186 1382 Vt
197 1327 307 1380 Tunius
323 1327 414 1392 docet,
433 1329 608 1382 crudelitatis
623 1331 769 1396 inerepans
785 1329 883 1380 Caesa·

92 1413 152 1450 rem
171 1399 200 1448 in
216 1397 335 1466 quadam
351 1399 387 1452 ed
403 1399 539 1464 Nepotem
555 1398 682 1464 epistola
700 1398 797 1463 Neque
809 1400 880 1450 enim

93 1466 243 1534 quidquam
254 1465 330 1518 aliud
339 1472 382 1518 est
391 1467 520 1529 felicitas,
530 1468 630 1534 iuquit,
640 1467 692 1516 nisi
702 1465 882 1518 honestarum

92 1550 188 1586 rerum
198 1535 377 1600 prosperitas.
394 1533 457 1597 Vel,
470 1535 568 1586 utalio
580 1535 817 1597 metonomiam,
831 1535 882 1588 Fe·

4 1627 8 1636 ·
93 1605 186 1659 licitos
201 1610 244 1654 est
259 1602 372 1654 fortune
388 1603 510 1654 adiutrix
530 1604 711 1656 consiliorum
731 1605 881 1656 bonorrunr

93 1675 193 1742 quibus
203 1674 250 1741 qui
261 1686 316 1723 non
326 1672 429 1734 utitur,
448 1671 517 1726 felix
527 1672 606 1726 nullo
617 1678 698 1740 pacto
710 1689 771 1726 esse
781 1679 882 1740 potest.

64 1744 72 1756 '
92 1745 169 1812 Ergo
184 1745 212 1796 in
224 1741 340 1810 perditis
352 1743 498 1810 impiisque
513 1743 648 1805 oonsiliis‚
669 1743 883 1811 quibusCaesar

93 1829 160 1864 usus
181 1817 251 1874 erat,
271 1810 350 1862 nulla
370 1813 462 1877 potuit
481 1825 542 1864 esse
563 1809 698 1876 felicitas,
717 1813 883 1882 feliciorque

92 1897 154 1934 meo
171 1882 275 1934 iudicio
291 1880 424 1932 Camillus
445 1880 590 1944 exsulans,
609 1897 692 1949 quem
711 1883 882 1949 temporibus

54 1971 58 1978 ·
90 1951 189 2004 iisdem
200 1950 336 2012 Manlius,
357 1951 475 2014 etiamsi,
484 1951 513 2002 id
522 1950 746 2020 quod‘enpierut,
762 1967 883 2021 regnare

93 2022 239 2088 potuisset.
258 2018 318 2070 Am.
329 2017 419 2072 More.
430 2019 475 2073 ab.
485 2019 528 2073 21.
538 2029 610 2074 extr.
659 2029 662 2033 '

146 2089 346 2160 Haecquidam
356 2095 481 2142 veterum
496 2090 689 2154 formidantes,
708 2091 882 2158 cognitiones

92 2165 205 2212 artuum
224 2161 375 2221 rariorum,
393 2159 477 2227 stylis
494 2161 626 2212 uberibus
644 2161 806 2228 explicatas,
825 2175 881 2212 nou
926 2195 934 2218 i

92 2229 206 2282 edidere
227 2229 407 2295 superstites,
424 2234 457 2280 ut
476 2229 642 2297 inquadam
664 2231 699 2282 ud
719 2229 880 2281 Cornelium

92 2298 231 2366 Nepotem
242 2295 359 2363 epistola
369 2296 480 2349 Tullius
490 2313 600 2367 quoque
616 2300 696 2351 testis
710 2299 883 2352 reuerendus
960 2297 964 2302 ’
1024 2315 1026 2324 <

92 2369 231 2420 adfirmat.
248 2365 523 2420 lentitudinem.
955 2381 957 2390 ·

147 2435 308 2490 Sententiae
319 2434 395 2486 illius
405 2436 554 2489 Tullianae
564 2437 685 2506 ignauis,
697 2435 829 2499 docentis,
842 2435 886 2490 iu-

91 2505 189 2560 felices
197 2515 263 2560 esse
274 2518 336 2567 eos,
356 2505 404 2574 qui
414 2508 507 2558 omnia
516 2507 570 2560 sibi
581 2507 667 2561 licere
678 2507 883 2560 existimarunt.

91 2577 166 2630 fdrm
176 2575 221 2640 iti,
231 2573 273 2628 20.
284 2583 356 2627 extr.
796 2583 801 2598 '

184 2647 292 2722 Idem
307 2647 361 2720 od
372 2647 548 2722 Atticm»
563 2649 609 2721 de
622 2647 782 2745 Nepote.

143 2745 261 2817 Nepotis
270 2745 418 2814 epistolum
428 2751 555 2820 expecto.
567 2747 690 2816 cupidus
700 2747 748 2800 ille
755 2760 880 2802 meorum
