2054 2956
138 139 188 194 nc
260 137 354 194 xxv.
373 137 800 198 nrrrcvs.x111.x1v.
898 207 903 212 ,

141 233 274 296 habebat:
302 245 329 294 in
342 259 396 312 quo
406 242 475 294 nihil
487 243 680 306 commutavit,
702 243 753 294 nisi
769 239 873 312 cirquid
883 259 930 302 re-

138 319 246 365 tustate
257 319 429 365 eoactusest.
466 311 492 365 3.
510 312 582 365 Vsus
593 319 637 365 est
647 313 766 375 familia,
783 314 807 365 si
822 315 931 368 utilita-

137 389 169 436 te
178 383 356 434 iudicandum
369 388 423 445 eat,
434 384 553 448 optinra3
572 381 710 446 citerna,
729 385 776 434 vix
785 383 928 438 mediocri.

124 452 305 520 1Numquein
316 457 440 518 eaerant
450 453 528 518 pueri
539 451 746 515 litteratissimis
755 459 928 520 anagnostae

96 581 100 590 ,
141 523 253 588 optimi,
274 520 425 588 etplurirni
440 521 562 584 librarii,
582 525 614 573 ut
633 537 669 574 ne
683 522 851 590 pedisequus
867 525 929 590 qui·

138 591 202 649 dem
214 593 357 660 quisquam
369 596 456 653 esset,
474 591 520 658 qui
531 605 586 641 non
597 596 746 662 utrumque
756 589 855 642 horum
866 591 928 658 pul-

139 661 206 713 chre
217 661 425 728 iacereposset3
444 660 599 727 parimodo
615 662 735 712 artifices
745 661 832 714 ceteri
837 669 848 724 ‚·
856 676 928 728 quoa
944 681 947 686 ·

139 731 231 787 cultus
242 730 410 782 domesticus
421 729 574 792 desiderat,
585 731 709 798 apprime
719 730 794 781 boni.
829 731 855 782 4.
874 731 924 782 Ne·

140 816 194 868 que
204 805 296 852 temen
306 798 405 850 horum
416 814 596 869 quemquam,
617 800 669 849 nisi
679 799 753 850 domi
770 805 866 852 netum
879 800 927 850 do-

139 871 234 937 mique
245 869 363 933 factum‚
383 867 491 940 hahuit:
511 870 585 938 quod
596 874 639 920 cst
648 858 757 936 signum
769 883 825 920 non
835 867 927 920 solum

138 940 341 1001 continentiae,
362 939 411 991 sed
432 940 516 991 etiarn
537 939 706 1006 diligentiae.
743 939 815 991 Nam
831 942 926 990 etnon

137 1010 356 1073 intemperanter
367 1009 569 1075 concupiscere,
577 1008 674 1077 quoda
683 1007 811 1074 plurimis
822 1008 927 1072 videas,
978 1041 980 1048 ι

138 1079 305 1130 continentia
322 1077 405 1129 debet
423 1078 498 1134 duci:
518 1082 547 1130 et
558 1079 647 1147 potius
663 1077 824 1145 diligentia,
844 1089 927 1144 quam
1018 1133 1021 1138 ,

158 1147 244 1209 totio,
281 1159 394 1212 parare,
430 1162 485 1197 non
513 1147 662 1199 mediocris
690 1143 747 1198 est‘
762 1146 926 1198 industriae.

137 1161 163 1268 Ε.
182 1215 317 1282 elegans,
333 1217 573 1283 nonmagniiicus3
590 1215 767 1282 splendidus,
787 1231 842 1267 non
853 1229 927 1264 sum·

84 1315 87 1320 ,
136 1292 251 1347 trionum
279 1286 353 1336 omni
372 1285 517 1352 diligentia
535 1285 715 1348 mundiciam,
734 1300 790 1338 aon
810 1283 924 1335 affluen-

137 1351 386 1416 tiom‚affectabat
423 1354 555 1421 supellex
565 1355 686 1418 modica,
703 1367 758 1405 non
769 1353 872 1414 multa,
893 1345 930 1403 ui
1020 1377 1021 1384 κ

92 1437 95 1445 ’
137 1425 167 1475 in
178 1429 307 1476 neutram
316 1429 423 1491 partem
435 1426 555 1490 conspici
566 1421 669 1492 posset.
696 1424 722 1475 6.
728 1417 790 1476 Nec
799 1427 925 1489 praeter-

137 1494 200 1555 ibo,
226 1508 392 1560 quamquam
412 1494 552 1544 nonnullis
572 1493 632 1546 leve
653 1495 742 1544 risum
761 1495 795 1543 iri
814 1497 923 1560 putem:

45 1612 50 1624 ,
137 1574 222 1630 quum
233 1565 359 1629 inprimis
370 1563 462 1616 lautus
478 1568 553 1615 esset
563 1565 647 1632 ‘eques
658 1563 810 1625 Romanus,
830 1567 859 1613 et
868 1575 925 1612 non

87 1633 101 1644 '‘
137 1647 236 1752 Rarum
251 1633 405 1685 liberaliter
424 1633 536 1684 domum
555 1648 634 1683 auam
654 1633 776 1682 omnium
796 1631 925 1682 ordinum
1019 1681 1020 1684 ,

159 1704 265 1754 omines
285 1703 432 1767 invitaret,
453 1700 594 1768 [scimus,]
616 1715 671 1752 non
692 1700 823 1772 amplius,
842 1713 925 1767 quam

63 1799 67 1804 ·
136 1776 218 1822 ternu
229 1771 411 1835 milliaaerie,
430 1773 604 1838 peraequein
615 1769 739 1838 singulos
750 1785 871 1831 menses,
891 1781 926 1820 ex

86 1881 89 1888 .
138 1838 317 1907 ephemeride
334 1855 396 1892 eum
413 1855 564 1906 expensum
584 1841 689 1890 eumtrri
709 1838 782 1891 serre
801 1838 924 1890 solitum.

137 1910 164 1960 7.
183 1910 273 1977 Atque
282 1909 335 1960 hoc
344 1924 399 1960 non
410 1910 550 1970 nuditum,
567 1907 618 1959 aed
628 1909 769 1976 cognitum
784 1907 925 1975 praedica·

136 1992 208 2030 mue.
244 1977 333 2044 Saepe
343 1979 416 2029 enim
436 1983 550 2045 propter
560 1975 779 2030 familiaritatem
794 1977 926 2030 domesti-

139 2046 467 2101 cierebuainteriuimuu.

112 2118 116 2126 ’
191 2115 263 2168 XlV.
283 2116 371 2170 Nemo
382 2118 410 2167 in
421 2117 543 2168 convicio
553 2118 613 2168 eiua
623 2115 699 2168 aliud
710 2131 839 2169 acroama
849 2113 926 2168 endi·

138 2186 193 2249 uit,
205 2201 286 2254 quarn
299 2192 484 2254 anagnosten:
496 2186 570 2254 quod
581 2201 631 2237 nos
641 2185 753 2253 quidem
763 2185 926 2246 iucundissi-

139 2259 401 2308 rnumarbitramur.
440 2253 535 2322 Neque
545 2271 676 2323 umquem
696 2257 756 2309 eine
775 2255 876 2324 aliqum
888 2253 939 2322 le·¹
1017 2285 1018 2288 =

140 2325 232 2378 ctione
243 2325 317 2394 apud
328 2340 389 2376 eum
401 2330 547 2376 coenatum
559 2329 646 2386 catut
655 2335 710 2375 non
722 2326 813 2376 minus
824 2325 926 2387 animo,

140 2408 223 2462 quern
237 2399 334 2448 ventre
353 2395 484 2446 convivoe
503 2393 720 2446 delectarentur.
754 2395 780 2448 2
798 2393 927 2462 Namque

140 2477 189 2514 eos
198 2464 457 2529 vocabat,quorurn
469 2477 561 2514 mores
572 2463 656 2513 acuis
666 2479 722 2514 non
732 2457 940 2516 abhorrerent*

140 2531 233 2593 Quum
243 2537 323 2582 tanta
333 2530 466 2597 pecuniae
476 2531 551 2582 sucta
569 2536 644 2583 esset
657 2535 792 2595 accersio,
812 2530 881 2582 nihil
892 2531 927 2586 de

141 2599 302 2662 quotidiano
314 2600 389 2650 cultu
401 2601 530 2662 mutavit,
539 2597 608 2650 nihil
620 2600 654 2650 dc
664 2602 738 2654 vitoe
749 2601 928 2654 consuetudi-

141 2681 189 2718 ne:
208 2671 340 2733 tantaque
350 2681 417 2717 usus
428 2674 471 2720 est
481 2669 688 2732 moderatione,
701 2674 734 2722 ut
745 2685 835 2738 neque
846 2672 874 2723 in
886 2685 927 2724 oc·

141 2736 240 2788 nertio
260 2736 355 2799 vicies,
374 2737 448 2804 quod
467 2742 581 2804 epatre
601 2745 758 2807 acceperut,
779 2753 928 2808 parumne
