2054 2956
142 109 188 152 f*
226 113 754 176 xva¹ruuor1ons.111-v.
853 121 890 178 so

102 221 225 284 tisoleat
235 238 304 276 esse.
325 221 395 274 Nam
406 221 824 292 magistratuumThebauorum
834 231 889 278 sta-

103 299 152 350 tim
164 295 199 347 ad
210 307 293 345 aures
303 294 445 359 pervenit,
454 293 564 346 exsules
579 295 608 344 in
622 293 722 346 urbem
736 293 897 350 devenisse„

102 367 133 420 ld
144 365 201 428 illi,
211 366 275 414 vino
286 363 430 430 epulisque
441 361 541 424 dediti,
552 377 639 430 usque
650 378 682 414 eo
693 363 889 431 despexerunt,

101 441 177 488 utne
189 447 324 502 qrraerere
335 431 445 499 quidem
456 432 490 482 de
499 437 579 483 tanta
589 447 620 484 re
630 431 793 484 laborarint
802 435 828 486 2.
837 433 890 486 he·

102 504 297 565 cassiteram,
309 501 384 570 quod
398 503 487 570 magis
503 503 627 568 aperiret
640 515 738 554 eorum
754 503 890 556 dementi·

102 587 155 627 am.
192 571 287 624 Allata
307 576 350 622 est
370 572 443 624 enim
465 570 584 638 epistola
601 569 717 623 Athenis
736 573 771 624 ah
789 572 892 626 Archia

103 639 335 712 [,hierophante,]
348 642 394 692 uni
405 655 439 692 ex
452 639 508 705 his,
522 638 653 704 Archiae,
667 641 715 708 qui
728 647 788 693 tum
803 644 890 708 maxi.

102 727 178 768 mum
188 712 383 778 magistratum
394 709 497 762 Thebis
512 709 668 773 obtinebat,
682 711 712 762 in
726 725 781 779 qua
795 712 891 764 omnia

103 781 137 836 de
156 779 330 847 proiectione
350 779 478 832 exsulum
500 781 654 847 perscripta
677 786 766 832 erant
811 781 890 844 eune

102 866 186 920 quum
198 850 251 900 iam
264 850 409 901 accubanti
429 850 606 917 ia‘eonvivio
624 854 697 903 esset
717 849 796 913 data,
816 852 890 903 sieut

27 973 30 982 Δ
101 923 163 974 erat
173 921 296 987 signata,
306 919 357 970 suh
368 918 511 986 pulvinum
519 917 719 983 sublimimatis
728 919 890 983 crastinam,

34 1029 39 1032 .
101 991 204 1058 inquit,
215 985 315 1058 differo
326 1004 369 1040 res
380 1001 495 1040 aeonas.
534 987 560 1040 3.
578 989 614 1040 lit
624 987 666 1040 illi
678 1002 789 1053 omnes,
803 1004 888 1058 quum

100 1061 156 1112 iam
167 1072 224 1109 uox
239 1059 434 1124 processisset,
448 1057 583 1110 vinolenti
595 1058 633 1110 ab
649 1057 803 1122 exsulibus,
818 1059 890 1112 duo·

100 1127 245 1195 Pelopida,
257 1132 322 1177 sum
332 1125 481 1183 interiecti.
522 1127 628 1191 Quibus
642 1127 726 1180 rebus
741 1129 889 1192 confectis,

100 1198 184 1266 vulgo
196 1197 232 1248 ad
242 1209 319 1246 erma
330 1196 543 1265 libertatemque
552 1202 666 1260 vocato,
675 1213 730 1249 uon
740 1197 829 1252 solum
840 1199 888 1267 qul
902 1193 906 1204 ‘

99 1269 129 1320 iu
140 1267 212 1318 urbe
223 1269 316 1326 erant,
327 1265 374 1317 sed
391 1267 476 1318 etlam
492 1266 616 1336 undique
632 1281 666 1320 ex
681 1269 757 1336 agris
772 1283 889 1320 concur·

99 1340 213 1397 rerunt,
227 1335 397 1400 praesidium
412 1334 698 1388 Lacedaemoniorum
713 1351 747 1390 ex
762 1352 827 1390 aree
842 1352 891 1404 ps·

99 1407 245 1474 pulerunt,
256 1405 374 1470 patriam
386 1405 530 1458 obsidione
541 1405 743 1469 liberaverunt,
758 1412 889 1458 auctores

85 1475 239 1528 ‘Cadmeae
250 1473 428 1539 occupandae
437 1477 538 1542 porum
553 1475 727 1539 eameram,
742 1475 845 1542 partim
858 1475 890 1528 ia
960 1509 968 1514 -

99 1545 231 1600 exsilium
242 1543 393 1594 eiecerunt.

131 1612 305 1666 IV.Hoctam
312 1607 891 1678 turbidotenpore,‘siertsupradoeuinus,

95 1681 320 1752 Epaminondas,
330 1682 421 1748 quoad
432 1696 493 1731 oum
504 1680 608 1731 civibus
619 1679 778 1732 dimicatum
784 1685 835 1744 est,
842 1680 893 1734 do·

96 1755 136 1805 mi
147 1752 259 1820 quietus
274 1749 336 1801 fuit.
375 1751 472 1817 ltaque
483 1749 554 1801 haec
563 1747 769 1801 liberandarum
780 1747 892 1802 Theba·
971 1783 973 1790 ,

17 1829 18 1832 ’
96 1817 343 1890 nrmproprialaus
355 1825 398 1871 est
408 1819 570 1886 Pelopidae:
594 1824 704 1871 ceterae
719 1817 779 1874 iere
792 1833 890 1872 omnes

97 1903 263 1944 communes
273 1903 334 1940 eum
344 1887 544 1955 Epaminonda.
568 1887 594 1940 2.
605 1887 729 1956 Namque
739 1889 890 1944 Leuctrica

96 1975 206 2028 pugna,
215 1959 386 2024 imperatore
397 1957 602 2024 Epaminonda,
617 1956 661 2010 hie
675 1957 730 2010 fuit
744 1959 800 2012 dux
815 1957 891 2013 dele·

98 2035 164 2082 ctae
174 2040 283 2088 manus,
290 2041 361 2094 quae
371 2028 460 2094 prima
471 2025 636 2096 phalangem
646 2028 890 2094 prostravitLaeo·

97 2113 177 2150 num.
206 2095 239 2148 a.
259 2097 395 2148 Omnibus
411 2102 557 2163 praeterea
571 2097 703 2164 periculis
718 2097 806 2149 affuit.
848 2095 890 2149 Si·
958 2149 961 2154 ,

97 2169 149 2220 eut
159 2165 290 2233 Spartam
301 2181 384 2232 quum
395 2167 575 2232 oppugnauit,
590 2165 708 2218 alterum
723 2168 815 2225 tenuit
830 2170 890 2218 eor·
905 2213 911 2229 x

17 2329 19 2338 γ
96 2233 891 2356 ῃυὲᾳιιοφιοέᾱοεεῗηῗυωίοιῧιεζωῆιῖοῑοψῇιέἲὶᾝῗίυε

17 2411 18 2428 n
94 2317 521 2442 hhrshhhfffrhhbhhhhh'tshmen
530 2317 892 2440 seffltelaihhfutproxihnh:

17 2465 19 2490 ;
89 2447 173 2497 esset
183 2441 402 2507 Epaminondae.
464 2467 467 2474 v

151 2511 187 2564 V.
208 2507 390 2561 conflictatus
401 2513 493 2562 autem
505 2513 549 2560 est
558 2523 621 2558 cum
635 2507 752 2572 adversa
766 2507 890 2562 romana.

91 2579 173 2635 Nam
186 2582 216 2628 et
223 2579 319 2641 initio,
329 2581 402 2630 sicut
413 2578 594 2637 ostendimus,
605 2576 682 2626 exsul
693 2578 784 2642 patria
794 2581 891 2639 carnit,
916 2623 930 2644 s

17 2699 19 2718 ‚
94 2655 142 2710 et,
160 2660 245 2715 quum
265 2645 439 2698 Thessaliam
459 2648 671 2710 in'potestatem
691 2645 894 2698 Thebanorum

17 2733 21 2754 ⁸
96 2719 222 2784 superet
230 2714 373 2795 redigere,
383 2715 586 2784 legationisque
595 2713 734 2765 iureaatis
744 2719 847 2766 tectum
858 2722 890 2762 sa
