2054 2956
169 106 217 161 no
326 101 667 160 >navarricus
689 83 792 159 uri.
834 177 836 179 ψ
883 161 886 165 ,

124 210 129 218 ’
165 211 290 268 moriens
300 215 466 262 testamento
478 211 620 277 adoptarit
632 224 708 272 eam,
719 205 906 277 heredemque
918 210 959 264 se·
1014 251 1015 272 2

166 281 205 334 cit
215 295 250 333 ex
265 281 415 332 dodrante:
435 295 469 330 ox
480 295 534 348 qua
550 279 704 331 hereditate
721 279 830 344 accepit
844 281 960 331 circiter

165 352 269 402 centies
279 349 358 400 Lus.
395 347 428 412 3.)
439 351 509 400 Erat
519 355 605 416 nupta
615 363 696 398 soror
706 349 790 399 Attici
806 349 839 410 Q.
859 349 960 402 Tullio
1014 407 1015 420 ἵ

166 420 306 472 Ciceroni:
334 433 437 488 easque
457 421 568 485 nuptias
593 419 633 470 l'd.
658 418 756 468 Cicero
781 418 959 482 coriciliarat‚

164 504 228 540 urm
249 503 303 558 quo
314 489 573 556 a·condiscipulatu
591 487 702 540 virebat
722 489 960 552 coniunctissime,

82 563 96 582 '
109 603 113 616 ,
165 558 255 610 multo
267 561 349 609 etiam
362 558 539 620 familiarius,
550 571 631 625 quam
644 550 834 620 cum'Quinto,
845 563 878 607 ut
888 557 959 610 iudi·

166 630 335 694 composuit,
357 629 466 694 plusin
488 626 723 678 amicitia-valere
744 625 958 679 similitudinem

166 713 289 760 morum,
301 713 382 765 quam
392 697 567 748 affinitatem.
585 695 620 745 ,4.
631 695 777 774 ¹Vtebatur
787 699 881 746 autem
892 698 957 747 inti·

128 802 131 806 -
166 767 253 829 meQ.
273 769 439 828 Hortensio,
461 765 562 833 quibis
580 765 751 830 temporibus
770 768 954 832 principatum

167 839 345 906 eloquentiae
365 837 492 899 tenebat,
512 841 544 885 at
558 834 678 901 intelligi
694 844 749 885 non
764 840 872 901 posset,
890 842 955 886 uter
1004 849 1010 862 ·

167 923 231 962 eum
246 907 308 974 plus
325 907 467 974 diligeret,
489 907 601 967 Cicero,
621 919 656 954 an
672 905 852 956 Hortensius:
871 911 900 956 et
915 899 955 967 id,

74 998 79 1007 =
166 977 313 1044 quoderat
331 975 538 1038 dillicillimum,
560 973 710 1036 officiebat,
730 979 775 1036 ut,
794 976 869 1027 iuter
885 989 956 1042 quos
1014 971 1015 988 *

165 1051 261 1098 tantae
283 1045 372 1096 laudis
392 1051 466 1096 esset
485 1043 651 1106 aemulatio,
672 1043 750 1094 nulla
766 1044 956 1096 intercederet
1014 1045 1015 1048 ’

166 1116 335 1166 obtrectatio
340 1137 352 1178 ,·
360 1120 487 1182 essetque
498 1114 597 1165 talium
607 1115 728 1164 virorum
740 1114 848 1179 copula.
922 1161 935 1174 ,

219 1185 265 1236 Vl.
285 1184 317 1235 ln
328 1184 436 1250 repu'bl.
455 1187 496 1235 ita
506 1190 633 1236 versatus
644 1190 702 1246 cst,
721 1189 754 1233 ut
764 1199 873 1256 semper
884 1184 955 1250 opti·
1014 1203 1015 1212 ¹

167 1338 231 1374 men
246 1339 276 1374 sc
292 1323 417 1374 civilibus
439 1322 569 1374 fluctibus
590 1323 793 1386 committeret,
814 1323 887 1390 quod
900 1339 954 1374 non

167 1393 255 1460 magis
267 1408 314 1444 eos
324 1394 352 1442 in
364 1407 414 1444 sua
424 1398 562 1459 potestate
578 1394 756 1444 existimabat
772 1407 842 1454 risse,
862 1395 909 1459 qui
925 1407 954 1444 se

34 1285 37 1294 ·
98 1254 103 1263 ‘
167 1253 956 1321 marumpartiumetessetetexistimaretur,nequeta-
1014 1253 1015 1256 ’

166 1461 210 1513 bis
234 1463 388 1526 dedissent,
417 1477 500 1530 quam
528 1464 574 1530 qui
602 1463 748 1520 nnaritim'ur
775 1463 954 1514 iactarentur.
1014 1479 1015 1484 ¹

166 1531 192 1584 2.
210 1533 341 1584 Honores
351 1547 406 1582 non
416 1534 505 1598 petiit,
517 1547 600 1600 quum
612 1534 637 1583 ei
650 1539 778 1598 poterent
789 1537 901 1598 propter
911 1531 956 1582 rol

161 1605 285 1670 'gratiam
295 1602 339 1653 vel
351 1603 528 1670 dignitatern:
549 1603 623 1670 quod
634 1618 723 1669 noque
733 1603 789 1667 peti
806 1617 884 1664 moro
901 1617 955 1652 ma-

166 1675 270 1735 iorum,
290 1687 380 1739 neque
396 1673 456 1738 capi
472 1678 586 1739 possent
602 1673 771 1723 conservatis
787 1671 908 1740 legibus,
927 1672 954 1720 in

166 1747 224 1800 tam
243 1740 469 1793 effusisambitus
485 1742 691 1810 largitionibus,
712 1755 801 1808 neque
816 1742 876 1808 geri
888 1755 903 1791 e
914 1757 956 1792 re·

166 1811 241 1876 publ.
270 1812 330 1861 sine
350 1811 487 1878 periculo,
517 1813 655 1878 corruptis
677 1811 797 1862 ‘civitatis
819 1812 956 1861 moribus.
1014 1837 1015 1842 =

167 1875 250 1933 &rid
262 1878 369 1931 hastam
381 1881 520 1946 publicam
532 1895 681 1949 numquam
694 1881 818 1930 accessit.
844 1877 956 1930 Nullius
990 1901 994 1909 ·

167 1937 310 2017 rei'neque
321 1963 415 2016 praes,
435 1965 525 2018 neque
536 1965 664 2016 manceps
675 1949 765 2000 factus
775 1955 825 2000 est.
863 1947 955 2000 Nemi·
1014 1965 1015 2000 r

166 2033 229 2070 nem
241 2034 330 2086 neque
340 2035 390 2070 suo
401 2023 526 2083 nomine,
538 2036 627 2088 neque
638 2020 827 2094 subscribens,
845 2033 954 2071 accusa·

94 2093 97 2098 “
166 2089 213 2138 rit.
250 2088 280 2140 ln
293 2091 335 2140 ius
346 2089 380 2140 de
391 2101 442 2140 sua
459 2105 489 2141 re
505 2101 654 2158 numquam
671 2091 721 2153 iit,r
746 2089 878 2140 iudicium
895 2089 955 2138 nul·

166 2157 223 2208 lum
235 2156 339 2208 babuit
367 2157 392 2210 4.
413 2159 570 2212 Multorum
581 2157 727 2212 consulum
738 2155 955 2226 praetorumque

165 2227 358 2294 praefecturas
368 2229 475 2281 delatas
487 2231 527 2281 sic
538 2231 654 2295 accepit,
664 2235 697 2279 ut
706 2245 740 2280 ne
771 2231 843 2280 inem
854 2231 881 2279 in
894 2243 953 2294 pro-

166 2299 283 2348 vinciam
294 2299 331 2348 sit
341 2306 467 2362 secutus,
477 2297 583 2350 bonore
595 2299 680 2351 fuerit
691 2313 742 2350 con
759 2306 851 2362 entus,
864 2299 905 2349 rei
915 2295 954 2347 fa-

167 2366 283 2418 miliaris
295 2367 454 2434 despexerit
465 2367 585 2420 fructum
593 2370 608 2418 :'
620 2370 667 2436 qui
678 2384 712 2420 ne
724 2383 786 2419 cum
799 2369 831 2430 Q,
842 2367 953 2436 quidem

166 2433 298 2487 Cicerone
308 2437 429 2488 voluerit
438 2439 478 2488 ire
487 2440 515 2488 in
527 2439 635 2501 Asiam,
656 2451 740 2504 quum
756 2431 830 2504 apud
842 2454 905 2489 eum
917 2438 956 2488 le-

152 2553 157 2564 ,
164 2506 222 2570 gali
242 2505 333 2556 lucum
355 2509 481 2576 obtinere
497 2512 601 2574 posset
637 2506 700 2558 Non
716 2509 789 2558 enirn
806 2507 904 2558 decere
925 2521 956 2560 se

164 2574 366 2637 arbitrabatur,
378 2592 460 2643 quum
473 2581 631 2643 praeturam
643 2591 741 2644 gerere
753 2575 901 2638 noluisset,
913 2591 956 2626 as·

164 2641 265 2692 teclam
277 2645 496 2708 esse'praetoris.
532 2644 557 2697 5.
576 2647 638 2708 Qua
648 2649 676 2696 in
687 2660 718 2696 re
734 2661 790 2696 non
806 2645 898 2697 solum
916 2647 955 2698 di·

164 2711 263 2776 anitati
282 2713 433 2778 serviebat,
456 2713 609 2768 sedetiam
631 2715 842 2786 tranquillitati,
867 2729 953 2783 quum
1014 2727 1015 2780 p
