2032 2962
237 217 243 226 ι
318 135 626 194 >soronam
679 127 694 174 ·'
830 141 865 197 ss

71 258 129 311 qne
141 241 192 294 dat
201 241 354 308 negotium,
368 240 424 310 [ut]
435 242 470 294 ad
480 243 599 296 Dionem
611 248 677 297 eant
685 245 815 309 inermes,
825 247 867 300 sin

71 318 105 364 nt
119 311 305 366 conveniendi
320 313 380 363 eius
394 313 660 380 gratia‘viderentur
678 317 781 366 venire.
826 317 866 368 lli

70 386 191 449 propter
201 382 329 432 notitiam
342 387 409 432 sunt
417 383 575 434 intromissi.
594 384 620 437 4.
631 384 771 448 stillent
781 384 865 438 limen
903 429 907 434 .

72 453 136 504 eius
145 453 301 513 intrarunt,
312 449 419 503 foribus
427 451 577 514 obseratis,
593 454 621 504 in
631 453 703 516 leetn
719 456 865 508 cubantem

71 519 225 583 invadunt,
236 519 384 588 colligant3
404 521 437 572 lit
450 523 598 588 strepitus,
612 523 683 575 eden
693 528 726 574 nt
740 526 865 577 exaudiri
965 560 972 570 .

72 588 259 658 possetsoris.
295 588 320 642 5.
342 591 409 652 Hic,
424 592 496 642 sicut
511 595 576 642 ante
592 606 674 657 saepe
686 592 794 645 olintum
809 600 866 658 est,

75 674 161 728 quam
172 659 262 709 invisa
271 659 308 710 sit
318 659 469 728 singularis
478 663 611 726 potentia,
622 668 651 714 et
661 663 817 725 miseranda
827 665 864 715 vi·
902 701 911 718 .

76 734 120 792 ta,
135 729 182 796 qui
194 729 333 792 semetui,
352 745 435 797 quam
445 731 533 781 amari
543 730 665 794 malunt,
685 733 771 784 cuivis
781 731 865 786 facile

76 798 225 850 intellectu
237 797 297 849 fuit.
332 798 357 850 6.
368 799 495 868 Namque
505 799 547 850 illi
557 801 609 866 ipsi
620 801 758 864 custodes,
768 802 791 852 si
802 817 865 869 prn-

76 869 149 935 pitia
157 866 275 918 fuissent
284 853 864 932 volu'ritate,foribuseffractisservareeum

74 939 242 1004 potuissent,
262 938 334 1004 quod
346 937 388 988 illi
398 940 532 1002 inermes,
551 939 638 991 telum
655 939 724 992 foris
738 939 864 1008 flagitan-

72 1014 133 1070 tes,
151 1007 243 1062 vivum
254 1008 395 1059 tenebant.
419 1009 469 1059 Cui
481 1023 564 1075 quum
579 1015 755 1062 succurreret
774 1025 865 1073 nemo,

74 1078 155 1144 Lyco
176 1076 285 1143 quidam
307 1076 497 1143 Syracusanus
515 1093 567 1146 per
583 1077 721 1132 fenestras
740 1079 864 1148 gladium

74 1146 163 1209 dedit,
178 1159 233 1213 quo
250 1145 322 1198 Dion
333 1145 497 1218 interiectus
509 1153 560 1200 est.

127 1217 164 1270 X.
184 1215 319 1270 coniecta
329 1217 516 1284 malequam
527 1217 792 1272 multitudomsendi
802 1233 864 1288 gra·

73 1289 116 1339 tia
125 1285 278 1350 introisset,
285 1285 412 1338 nonnulli
417 1286 451 1354 ab
461 1288 554 1340 insciis
565 1281 863 1355 pro'nnxiisooneidun·

74 1365 131 1409 tur.
167 1355 238 1408 Nam
247 1356 330 1408 celeri
341 1370 454 1408 rumore
466 1357 571 1422 dilato,
581 1359 665 1410 Dioni
675 1359 729 1410 vim
741 1359 863 1422 allatam,

75 1427 158 1494 inulti
170 1431 379 1490 concurrerant,
390 1427 489 1493 quibus
500 1427 558 1480 tale
570 1427 678 1480 facilins
688 1426 861 1495 displicebat.

75 1497 127 1560 Hi,
138 1495 211 1548 salsa
220 1497 376 1562 suspicione
387 1497 471 1560 ducti,
481 1498 658 1550 immerentes
669 1501 701 1547 ut
711 1499 864 1550 sceleratos

76 1566 213 1620 occidunt.
223 1565 248 1616 2.
259 1567 351 1617 Huius
362 1566 397 1620 de
406 1571 497 1618 morte
507 1570 540 1616 ut
550 1561 640 1632 palam
649 1565 752 1616 fantum
760 1567 864 1632 essemi-

74 1635 204 1690 rabiliter
212 1635 288 1703 vulgi
298 1640 407 1686 mutata
418 1640 459 1686 est
469 1633 607 1684 voluntas.
636 1633 762 1701 Numqui
773 1636 864 1687 rivum

75 1702 865 1772 enmtyrannumvncitnrsnt‚iidemliberatorempatriee

74 1775 246 1844 tyrannique
261 1774 438 1841 expulsorem
454 1773 661 1841 praedicabant.
709 1769 864 1826 Sio·subit0

75 1844 265 1898 misericordia
277 1845 341 1896 odio
353 1847 533 1906 successerat,
539 1848 571 1893 ut
581 1857 644 1894 eum
655 1855 706 1892 suo
721 1844 864 1910 sanguine,

74 1916 98 1966 si
109 1919 236 1981 possent,
248 1913 282 1965 ab
291 1912 449 1967 Acheronte
460 1916 594 1980 cuperent
602 1911 748 1964 redimere.
768 1912 792 1965 3.
811 1912 865 1964 lta
906 1955 913 1960 .

76 1986 168 2053 quein
178 1982 256 2045 urbe,
267 1980 448 2040 celeberrimo
459 1982 531 2045 loon,
541 1981 631 2035 elatus
641 1981 763 2047 publice,
774 1981 864 2050 sepul-

75 2054 117 2106 eri
127 2058 307 2105 monumento
318 2053 438 2106 donatus
448 2056 500 2116 est
523 2051 606 2104 Diem
616 2051 686 2101 obiit
695 2053 808 2105 eireiter
818 2066 865 2105 an·

76 2137 127 2176 nos
139 2119 342 2191 qninquaginta
351 2125 471 2190 quinque
480 2126 578 2188 natas,
594 2125 725 2189 quartam
742 2125 807 2188 post
818 2135 865 2173 sn·

74 2207 143 2246 num
149 2228 159 2259 ,
174 2207 259 2262 quam
269 2205 305 2244 ex
314 2192 508 2262 Peloponneso
520 2193 549 2242 in
560 2188 685 2243 Siciliam
692 2191 826 2248 redierat.

386 2463 551 2484 naun-u
