2054 2956
134 117 207 194 ss'.
313 134 741 194 xrxrnccrumarr.
804 191 811 200 ,

243 333 253 344 .
473 261 581 356 xm.

271 407 733 522 nauus-on.

369 581 415 596 ,Δ
517 547 539 600 1,
657 561 659 569 ’

136 619 310 718 Phocion,
329 644 563 712 Atheniensis,
583 647 636 702 etsi
656 659 739 714 saepe
755 646 924 700 exercitibus

134 716 257 785 praefuit
266 728 444 788 summusque
455 719 634 786 magistratus
642 721 730 784 cepit,
749 723 842 769 tamen
853 717 925 769 mul·

101 795 106 800 ‘
133 795 166 840 to
177 790 237 841 elus
247 790 340 841 notior
349 788 496 856 integritas
506 790 589 851 vitae,
600 804 682 856 quam
692 788 733 840 rei
744 787 874 838 nuilitaris
884 786 924 840 la·

134 857 195 910 bor.
232 859 329 926 ltaque
340 857 422 910 huius
432 859 567 910 memoria
578 866 622 910 est
631 858 722 921 nulla,
742 857 818 909 illius
828 862 924 910 autem
940 904 947 917 ,

133 941 237 996 magna
246 928 332 980 lama:
352 941 387 981 ex
397 942 451 996 qno
464 929 629 995 cognomine
642 925 924 994 Bonuses'tappella·

133 1003 190 1050 tus.
224 997 251 1050 2.
269 997 335 1050 Fuit
342 1000 417 1050 enim
426 1004 561 1066 perpetuo
569 1011 689 1066 pauper,
699 1015 783 1068 quum
794 995 925 1049 divitimi-

133 1081 196 1118 mus
207 1081 267 1119 esse
277 1074 373 1134 posset
380 1073 497 1136 propter
507 1066 667 1135 frequentes
676 1069 787 1122 delatus
802 1066 926 1119 horrores

134 1140 342 1204 potestatesque
358 1152 492 1199 summus,
512 1153 584 1205 quae
597 1139 624 1190 ei
635 1139 764 1207 apopulo
775 1137 923 1188 dabantur.

134 1205 160 1258 3.
178 1207 235 1258 Hic
245 1221 329 1274 quum
340 1221 357 1257 a
368 1223 434 1274 rege
444 1205 572 1274 Philippo
587 1223 703 1260 munera
713 1221 829 1276 magnae
839 1219 924 1272 pecus

134 1275 197 1326 niae
208 1276 383 1342 repudiaret,
394 1275 536 1344 legatique
547 1275 727 1330 hortarentur
737 1278 876 1343 accipere,
885 1275 923 1326 si-

134 1343 247 1412 mulque
258 1344 452 1408 admonerent,
462 1347 486 1396 si
497 1349 556 1412 ipse
567 1345 609 1397 lrls
621 1347 704 1400 facile
715 1350 837 1408 careret,
850 1344 921 1396 libe·

132 1415 174 1466 ris
184 1419 277 1466 tannen
288 1416 348 1466 suis
360 1417 546 1482 prospiceret,
566 1417 666 1484 quibus
681 1416 792 1468 difficile
809 1414 923 1467 esseti-
1023 1463 1024 1467 ,

133 1499 241 1536 summa
251 1489 415 1552 paupertate
426 1490 534 1538 tantam
545 1491 689 1551 paternam
700 1486 773 1539 tueri
787 1482 921 1552 'gloriamr

85 1609 93 1632 χ
132 1551 209 1605 dhis
219 1554 277 1618 ille,
288 1554 312 1608 si
322 1555 373 1607 mei
383 1554 482 1606 similes
492 1562 582 1617 eruat,
591 1555 662 1607 idem
670 1555 724 1620 hic,
734 1555 836 1623 iuquit,
847 1545 924 1622 apel·
1022 1553 1023 1558 ’

132 1623 175 1675 lus
184 1622 365 1692 illosolet,qui
374 1642 415 1676 sne
425 1623 540 1677 adhaec
550 1624 713 1694 dignitatem
720 1623 853 1693 perduxit
857 1640 869 1685 ,·
877 1621 934 1680 sin.
1021 1629 1022 1650 ¹

132 1692 464 1765 dr'ssirns'lessuatfuturi,
483 1688 924 1774 nolonreisimpsntits'llurumnb‘
1020 1715 1021 1744 r

132 1763 281 1832 augerique
291 1761 438 1816 luxuriam.

184 1833 220 1884 11.
238 1832 315 1884 ldem
335 1848 421 1900 quum
441 1847 528 1901 prope
540 1831 576 1885 ad
596 1848 699 1886 annum
718 1811 922 1902 octogesimum
938 1842 944 1861 ¹
1018 1865 1019 1870 ,

50 1951 55 1960 ,
105 1898 106 1902 ’
131 1913 266 1967 prospera
276 1903 448 1966 pervenisset
459 1902 585 1966 fortuna,
597 1905 729 1956 extremis
745 1902 921 1970 temporibus

132 1973 302 2036 magnumin
314 1971 406 2023 odium
418 1987 486 2040 perv
521 1974 789 2040 itsuorumclrium.
816 1971 842 2024 2.
861 1970 922 2023 Pri·
974 1991 977 1996 ·

132 2053 193 2102 mo,
214 2040 288 2109 quod
300 2054 362 2092 cum
372 2041 497 2110 Demade
532 2057 547 2094 e
569 2043 638 2094 urbe
658 2041 796 2096 tradenda
807 2042 922 2107 Antipa-

131 2113 177 2160 tro
189 2116 380 2174 consmserat3
391 2111 506 2178 eiusque
516 2112 632 2165 consilio
644 2111 846 2165 Demosthenes
857 2124 922 2162 cum

131 2182 246 2244 ceteris,
267 2181 313 2248 qui
330 2181 400 2234 bene
416 2179 450 2232 de
465 2182 608 2248 republica
621 2184 714 2234 meriti
725 2179 921 2234 existimaban-
1014 2221 1015 2226 ,

76 2269 80 2276 ·
130 2254 188 2312 tar,
198 2249 364 2318 populiscitu
376 2251 404 2302 in
416 2251 544 2302 exsilium
556 2257 637 2303 erant
648 2252 765 2319 expulsi.
783 2249 922 2318 Nequain

101 2351 103 2358 κ
131 2321 263 2373 eosolum
275 2319 519 2388 offenderat,qu0d
529 2322 637 2387 patriae
646 2323 719 2374 nrale
730 2319 922 2382 consuluerat,

131 2389 181 2441 sed
197 2393 295 2455 utinm,
317 2390 391 2458 quod
406 2391 544 2442 amicitiae
559 2390 643 2442 tidem
658 2407 714 2443 non
729 2391 921 2457 praestiterat.

131 2453 157 2508 3.
175 2459 301 2528 Namque
312 2467 409 2514 auctus
427 2463 592 2528 adiutusque
607 2475 624 2513 a
639 2458 829 2515 Demosthene
846 2475 923 2525 eum,

132 2539 214 2592 quem
223 2531 349 2593 tenebat,
360 2529 543 2583 adscenderat
554 2531 678 2600 gradum,
689 2545 775 2598 quum
785 2529 923 2592 adversus

132 2593 280 2650 Charetem
301 2613 363 2653 eum
383 2601 561 2657 subornaret:
579 2600 614 2653 ab
634 2599 731 2652 eodem
751 2599 780 2649 in
796 2599 924 2663 iudiciis,
937 2657 949 2672 ‚

126 2677 217 2728 quum
228 2668 325 2733 capitis
335 2683 448 2719 eausam
458 2669 571 2734 diceret,
579 2671 709 2725 defensus
720 2671 878 2739 aliquoties,
889 2672 923 2724 li·

131 2731 247 2788 beratus
262 2736 436 2792 discesserat.
473 2737 556 2794 Hunc
571 2755 627 2795 nou
646 2741 776 2798 salumin
786 2741 923 2810 periculis
