<?xml version="1.0" encoding="UTF-8"?>
<!DOCTYPE html PUBLIC "-//W3C//DTD XHTML 1.0 Transitional//EN"
    "http://www.w3.org/TR/xhtml1/DTD/xhtml1-transitional.dtd">
<html xmlns="http://www.w3.org/1999/xhtml" xml:lang="en" lang="en">
 <head>
  <title>
</title>
<meta http-equiv="Content-Type" content="text/html;charset=utf-8" />
  <meta name='ocr-system' content='tesseract 3.04.00' />
  <meta name='ocr-capabilities' content='ocr_page ocr_carea ocr_par ocr_line ocrx_word'/>
</head>
<body>
  <div class='ocr_page' id='page_1' title='image "./corneliinepotis00weisgoog_0104.png"; bbox 0 0 2054 2956; ppageno 0'>
   <div class='ocr_carea' id='block_1_1' title="bbox 82 1 1022 158">
    <p class='ocr_par' dir='ltr' id='par_1_1' title="bbox 82 1 1022 158">
     <span class='ocr_line' id='line_1_1' title="bbox 82 1 1022 158; baseline 0.001 -8"><span class='ocrx_word' id='word_1_1' title='bbox 82 69 87 76; x_wconf 84' lang='grc'><strong>’</strong></span> <span class='ocrx_word' id='word_1_2' title='bbox 187 91 713 154; x_wconf 73' lang='lat' dir='ltr'><strong>‘xnmnounonnrn</strong></span> <span class='ocrx_word' id='word_1_3' title='bbox 841 1 1022 158; x_wconf 25' lang='lat' dir='ltr'><strong>seb&amp;</strong></span> 
     </span>
    </p>
   </div>
   <div class='ocr_carea' id='block_1_2' title="bbox 970 189 998 203">
    <p class='ocr_par' dir='ltr' id='par_1_2' title="bbox 970 189 998 203">
     <span class='ocr_line' id='line_1_2' title="bbox 970 189 998 203; baseline 0.036 -1"><span class='ocrx_word' id='word_1_4' title='bbox 970 193 973 202; x_wconf 78' lang='grc' dir='ltr'>ι</span> <span class='ocrx_word' id='word_1_5' title='bbox 986 189 998 203; x_wconf 57' lang='lat' dir='ltr'>N</span> 
     </span>
    </p>
   </div>
   <div class='ocr_carea' id='block_1_3' title="bbox 5 199 1021 2773">
    <p class='ocr_par' dir='ltr' id='par_1_3' title="bbox 5 199 1021 2773">
     <span class='ocr_line' id='line_1_3' title="bbox 86 199 910 271; baseline -0.008 -15"><span class='ocrx_word' id='word_1_6' title='bbox 86 205 177 258; x_wconf 80' lang='lat' dir='ltr'><strong>satius</strong></span> <span class='ocrx_word' id='word_1_7' title='bbox 188 201 306 254; x_wconf 86' lang='lat' dir='ltr'><strong>duxerit.</strong></span> <span class='ocrx_word' id='word_1_8' title='bbox 341 200 367 256; x_wconf 85' lang='grc'><strong>4.</strong></span> <span class='ocrx_word' id='word_1_9' title='bbox 376 203 438 255; x_wconf 85' lang='lat' dir='ltr'><strong>llac</strong></span> <span class='ocrx_word' id='word_1_10' title='bbox 449 206 542 256; x_wconf 86' lang='lat' dir='ltr'><strong>mente</strong></span> <span class='ocrx_word' id='word_1_11' title='bbox 552 217 604 268; x_wconf 87' lang='lat' dir='ltr'><strong>per</strong></span> <span class='ocrx_word' id='word_1_12' title='bbox 613 199 795 271; x_wconf 85' lang='lat' dir='ltr'><strong>haruspicem,</strong></span> <span class='ocrx_word' id='word_1_13' title='bbox 805 216 878 256; x_wconf 88' lang='lat' dir='ltr'><strong>conr.</strong></span> <span class='ocrx_word' id='word_1_14' title='bbox 901 245 910 262; x_wconf 60' lang='lat'>„</span> 
     </span>
     <span class='ocr_line' id='line_1_4' title="bbox 88 267 909 339; baseline -0.002 -13"><span class='ocrx_word' id='word_1_15' title='bbox 88 287 257 339; x_wconf 77' lang='lat' dir='ltr'><strong>munerique</strong></span> <span class='ocrx_word' id='word_1_16' title='bbox 269 271 388 334; x_wconf 85' lang='lat' dir='ltr'><strong>affinem,</strong></span> <span class='ocrx_word' id='word_1_17' title='bbox 399 275 444 324; x_wconf 90' lang='lat' dir='ltr'><strong>cui</strong></span> <span class='ocrx_word' id='word_1_18' title='bbox 455 286 544 334; x_wconf 81' lang='lat' dir='ltr'><strong>soror,</strong></span> <span class='ocrx_word' id='word_1_19' title='bbox 555 287 589 324; x_wconf 84' lang='lat' dir='ltr'><strong>ex</strong></span> <span class='ocrx_word' id='word_1_20' title='bbox 600 272 704 324; x_wconf 86' lang='lat' dir='ltr'><strong>eisdem</strong></span> <span class='ocrx_word' id='word_1_21' title='bbox 715 273 876 338; x_wconf 82' lang='lat' dir='ltr'><strong>parentibus</strong></span> <span class='ocrx_word' id='word_1_22' title='bbox 904 267 909 280; x_wconf 73' lang='grc'><em>“</em></span> 
     </span>
     <span class='ocr_line' id='line_1_5' title="bbox 83 341 876 412; baseline 0.003 -20"><span class='ocrx_word' id='word_1_23' title='bbox 83 347 165 406; x_wconf 81' lang='lat' dir='ltr'><strong>nata,</strong></span> <span class='ocrx_word' id='word_1_24' title='bbox 180 347 267 412; x_wconf 85' lang='lat' dir='ltr'><strong>nupta</strong></span> <span class='ocrx_word' id='word_1_25' title='bbox 278 347 347 406; x_wconf 85' lang='lat' dir='ltr'><strong>erat,</strong></span> <span class='ocrx_word' id='word_1_26' title='bbox 368 341 482 394; x_wconf 83' lang='lat' dir='ltr'><strong>fratrem</strong></span> <span class='ocrx_word' id='word_1_27' title='bbox 493 347 644 408; x_wconf 87' lang='lat' dir='ltr'><strong>tyrannum</strong></span> <span class='ocrx_word' id='word_1_28' title='bbox 655 343 876 396; x_wconf 83' lang='lat' dir='ltr'><strong>interficiendum</strong></span> 
     </span>
     <span class='ocr_line' id='line_1_6' title="bbox 88 411 898 478; baseline 0 -14"><span class='ocrx_word' id='word_1_29' title='bbox 88 413 207 464; x_wconf 74' lang='lat' dir='ltr'><strong>curavit,</strong></span> <span class='ocrx_word' id='word_1_30' title='bbox 243 413 303 478; x_wconf 84' lang='lat' dir='ltr'><strong>lpse</strong></span> <span class='ocrx_word' id='word_1_31' title='bbox 313 426 369 462; x_wconf 91' lang='lat' dir='ltr'><strong>non</strong></span> <span class='ocrx_word' id='word_1_32' title='bbox 385 411 468 463; x_wconf 92' lang='lat' dir='ltr'><strong>modo</strong></span> <span class='ocrx_word' id='word_1_33' title='bbox 480 411 643 473; x_wconf 75' lang='lat' dir='ltr'><strong>manu&#39;snon</strong></span> <span class='ocrx_word' id='word_1_34' title='bbox 653 411 761 476; x_wconf 81' lang='lat' dir='ltr'><strong>attulit,</strong></span> <span class='ocrx_word' id='word_1_35' title='bbox 780 411 830 464; x_wconf 82' lang='lat' dir='ltr'><strong>sed</strong></span> <span class='ocrx_word' id='word_1_36' title='bbox 841 427 877 464; x_wconf 93' lang='lat' dir='ltr'><strong>ne</strong></span> <span class='ocrx_word' id='word_1_37' title='bbox 887 431 898 448; x_wconf 59' lang='lat'>³</span> 
     </span>
     <span class='ocr_line' id='line_1_7' title="bbox 6 475 878 549; baseline 0.003 -19"><span class='ocrx_word' id='word_1_38' title='bbox 6 475 8 530; x_wconf 79' lang='lat' dir='ltr'><strong>l</strong></span> <span class='ocrx_word' id='word_1_39' title='bbox 89 481 236 549; x_wconf 78' lang='lat' dir='ltr'>adspicere</span> <span class='ocrx_word' id='word_1_40' title='bbox 266 481 378 549; x_wconf 86' lang='lat' dir='ltr'><strong>quidem</strong></span> <span class='ocrx_word' id='word_1_41' title='bbox 406 481 570 532; x_wconf 78' lang='lat' dir='ltr'><strong>fraternum.</strong></span> <span class='ocrx_word' id='word_1_42' title='bbox 590 482 753 548; x_wconf 82' lang='lat' dir='ltr'><strong>sanguinem</strong></span> <span class='ocrx_word' id='word_1_43' title='bbox 781 481 878 533; x_wconf 81' lang='lat' dir='ltr'><strong>voluit.</strong></span> 
     </span>
     <span class='ocr_line' id='line_1_8' title="bbox 6 544 879 617; baseline -0.002 -13"><span class='ocrx_word' id='word_1_44' title='bbox 6 544 10 612; x_wconf 78' lang='lat' dir='ltr'><strong>l</strong></span> <span class='ocrx_word' id='word_1_45' title='bbox 89 551 172 614; x_wconf 83' lang='lat' dir='ltr'><strong>Nam,</strong></span> <span class='ocrx_word' id='word_1_46' title='bbox 183 551 248 602; x_wconf 91' lang='lat' dir='ltr'><strong>dum</strong></span> <span class='ocrx_word' id='word_1_47' title='bbox 259 566 304 604; x_wconf 89' lang='lat' dir='ltr'><strong>res</strong></span> <span class='ocrx_word' id='word_1_48' title='bbox 315 551 511 612; x_wconf 82' lang='lat' dir='ltr'><strong>conficeretur,</strong></span> <span class='ocrx_word' id='word_1_49' title='bbox 521 550 619 616; x_wconf 80' lang='lat' dir='ltr'><strong>procul</strong></span> <span class='ocrx_word' id='word_1_50' title='bbox 628 551 657 600; x_wconf 91' lang='lat' dir='ltr'><strong>in</strong></span> <span class='ocrx_word' id='word_1_51' title='bbox 667 545 806 617; x_wconf 77' lang='lat' dir='ltr'><strong>praesidio</strong></span> <span class='ocrx_word' id='word_1_52' title='bbox 818 550 879 614; x_wconf 80' lang='lat' dir='ltr'><strong>suit,</strong></span> 
     </span>
     <span class='ocr_line' id='line_1_9' title="bbox 6 618 978 688; baseline -0.001 -15"><span class='ocrx_word' id='word_1_53' title='bbox 6 619 7 646; x_wconf 70' lang='lat'><em>³</em></span> <span class='ocrx_word' id='word_1_54' title='bbox 89 637 125 673; x_wconf 91' lang='lat' dir='ltr'><strong>ne</strong></span> <span class='ocrx_word' id='word_1_55' title='bbox 136 621 198 688; x_wconf 80' lang='lat' dir='ltr'><strong>quis</strong></span> <span class='ocrx_word' id='word_1_56' title='bbox 209 619 323 673; x_wconf 80' lang='lat' dir='ltr'><strong>satelles</strong></span> <span class='ocrx_word' id='word_1_57' title='bbox 334 624 428 686; x_wconf 83' lang='lat' dir='ltr'><strong>posset</strong></span> <span class='ocrx_word' id='word_1_58' title='bbox 438 631 607 672; x_wconf 87' lang='lat' dir='ltr'><strong>succurrere.</strong></span> <span class='ocrx_word' id='word_1_59' title='bbox 639 618 665 671; x_wconf 84' lang='lat'><strong>5.</strong></span> <span class='ocrx_word' id='word_1_60' title='bbox 682 620 880 687; x_wconf 85' lang='lat' dir='ltr'><strong>Hocpraecla·</strong></span> <span class='ocrx_word' id='word_1_61' title='bbox 973 643 978 650; x_wconf 94' lang='lat'>·</span> 
     </span>
     <span class='ocr_line' id='line_1_10' title="bbox 6 680 880 755; baseline -0.002 -13"><span class='ocrx_word' id='word_1_62' title='bbox 6 707 7 712; x_wconf 53' lang='lat'>¹</span> <span class='ocrx_word' id='word_1_63' title='bbox 88 691 230 742; x_wconf 84' lang='lat' dir='ltr'><strong>rissim&#39;um</strong></span> <span class='ocrx_word' id='word_1_64' title='bbox 242 691 300 742; x_wconf 89' lang='lat' dir='ltr'><strong>eius</strong></span> <span class='ocrx_word' id='word_1_65' title='bbox 310 687 417 742; x_wconf 69' lang='lat' dir='ltr'><strong>lacinus</strong></span> <span class='ocrx_word' id='word_1_66' title='bbox 428 704 483 750; x_wconf 86' lang='lat' dir='ltr'><strong>non</strong></span> <span class='ocrx_word' id='word_1_67' title='bbox 499 691 558 755; x_wconf 83' lang='lat' dir='ltr'><strong>pari</strong></span> <span class='ocrx_word' id='word_1_68' title='bbox 574 680 658 740; x_wconf 88' lang='lat' dir='ltr'><strong>modo</strong></span> <span class='ocrx_word' id='word_1_69' title='bbox 674 690 820 755; x_wconf 81' lang='lat' dir='ltr'><strong>probatum</strong></span> <span class='ocrx_word' id='word_1_70' title='bbox 835 695 880 741; x_wconf 84' lang='lat' dir='ltr'><strong>cst</strong></span> 
     </span>
     <span class='ocr_line' id='line_1_11' title="bbox 90 757 880 826; baseline -0.004 -14"><span class='ocrx_word' id='word_1_71' title='bbox 90 761 126 812; x_wconf 82' lang='lat' dir='ltr'><strong>ab</strong></span> <span class='ocrx_word' id='word_1_72' title='bbox 137 759 273 811; x_wconf 88' lang='lat' dir='ltr'><strong>omnibus.</strong></span> <span class='ocrx_word' id='word_1_73' title='bbox 308 757 443 812; x_wconf 85' lang='lat' dir='ltr'>Nonnulli</span> <span class='ocrx_word' id='word_1_74' title='bbox 454 760 527 810; x_wconf 86' lang='lat' dir='ltr'><strong>enirn</strong></span> <span class='ocrx_word' id='word_1_75' title='bbox 541 758 645 810; x_wconf 86' lang='lat' dir='ltr'><strong>laesam</strong></span> <span class='ocrx_word' id='word_1_76' title='bbox 656 760 693 811; x_wconf 86' lang='lat' dir='ltr'><strong>nb&#39;</strong></span> <span class='ocrx_word' id='word_1_77' title='bbox 701 769 735 810; x_wconf 87' lang='lat' dir='ltr'><strong>eo</strong></span> <span class='ocrx_word' id='word_1_78' title='bbox 745 757 880 826; x_wconf 81' lang='lat' dir='ltr'><strong>pietatem</strong></span> 
     </span>
     <span class='ocr_line' id='line_1_12' title="bbox 90 825 880 897; baseline -0.003 -17"><span class='ocrx_word' id='word_1_79' title='bbox 90 825 237 897; x_wconf 77' lang='lat' dir='ltr'><strong>putabant,</strong></span> <span class='ocrx_word' id='word_1_80' title='bbox 244 834 273 880; x_wconf 87' lang='lat' dir='ltr'><strong>et</strong></span> <span class='ocrx_word' id='word_1_81' title='bbox 282 828 386 880; x_wconf 83' lang='lat' dir='ltr'><strong>invidia</strong></span> <span class='ocrx_word' id='word_1_82' title='bbox 394 829 505 880; x_wconf 87' lang='lat' dir='ltr'><strong>laudem</strong></span> <span class='ocrx_word' id='word_1_83' title='bbox 515 828 626 878; x_wconf 76' lang='lat' dir='ltr'><strong>virtutis</strong></span> <span class='ocrx_word' id='word_1_84' title='bbox 638 829 809 892; x_wconf 82' lang='lat' dir='ltr'><strong>obterebant.</strong></span> <span class='ocrx_word' id='word_1_85' title='bbox 820 828 880 878; x_wconf 84' lang='lat' dir='ltr'><strong>Me·</strong></span> 
     </span>
     <span class='ocr_line' id='line_1_13' title="bbox 89 897 880 965; baseline -0.001 -15"><span class='ocrx_word' id='word_1_86' title='bbox 89 905 211 950; x_wconf 78' lang='lat' dir='ltr'><strong>terrere</strong></span> <span class='ocrx_word' id='word_1_87' title='bbox 221 902 284 964; x_wconf 74' lang='lat' dir='ltr'><strong>post</strong></span> <span class='ocrx_word' id='word_1_88' title='bbox 296 899 325 950; x_wconf 93' lang='lat' dir='ltr'><strong>id</strong></span> <span class='ocrx_word' id='word_1_89' title='bbox 341 897 445 950; x_wconf 82' lang='lat' dir='ltr'><strong>sactum</strong></span> <span class='ocrx_word' id='word_1_90' title='bbox 461 913 551 965; x_wconf 90' lang='lat' dir='ltr'><strong>neque</strong></span> <span class='ocrx_word' id='word_1_91' title='bbox 567 898 680 948; x_wconf 86' lang='lat' dir='ltr'><strong>domum</strong></span> <span class='ocrx_word' id='word_1_92' title='bbox 695 897 731 948; x_wconf 86' lang='lat' dir='ltr'><strong>ad</strong></span> <span class='ocrx_word' id='word_1_93' title='bbox 746 913 776 948; x_wconf 87' lang='lat' dir='ltr'><strong>se</strong></span> <span class='ocrx_word' id='word_1_94' title='bbox 790 897 880 949; x_wconf 85' lang='lat' dir='ltr'><strong>illium</strong></span> 
     </span>
     <span class='ocr_line' id='line_1_14' title="bbox 7 965 880 1034; baseline 0 -16"><span class='ocrx_word' id='word_1_95' title='bbox 7 981 8 984; x_wconf 45' lang='lat'>¹</span> <span class='ocrx_word' id='word_1_96' title='bbox 91 967 213 1030; x_wconf 71' lang='lat' dir='ltr'><strong>admisit,</strong></span> <span class='ocrx_word' id='word_1_97' title='bbox 219 981 309 1034; x_wconf 89' lang='lat' dir='ltr'><strong>neque</strong></span> <span class='ocrx_word' id='word_1_98' title='bbox 320 968 457 1034; x_wconf 72' lang='lat' dir='ltr'><strong>adspexit,</strong></span> <span class='ocrx_word' id='word_1_99' title='bbox 472 971 607 1034; x_wconf 88' lang='lat' dir='ltr'><strong>quineum</strong></span> <span class='ocrx_word' id='word_1_100' title='bbox 619 965 792 1018; x_wconf 72' lang='lat' dir='ltr'><strong>fratricidam</strong></span> <span class='ocrx_word' id='word_1_101' title='bbox 802 967 880 1034; x_wconf 81' lang='lat' dir='ltr'><strong>impi-</strong></span> 
     </span>
     <span class='ocr_line' id='line_1_15' title="bbox 6 1035 880 1105; baseline 0 -19"><span class='ocrx_word' id='word_1_102' title='bbox 6 1035 9 1042; x_wconf 89' lang='lat'>&#39;</span> <span class='ocrx_word' id='word_1_103' title='bbox 90 1051 194 1105; x_wconf 81' lang='lat' dir='ltr'><strong>umque</strong></span> <span class='ocrx_word' id='word_1_104' title='bbox 214 1036 356 1100; x_wconf 87' lang='lat' dir='ltr'><strong>detestans</strong></span> <span class='ocrx_word' id='word_1_105' title='bbox 375 1037 565 1102; x_wconf 73' lang='lat' dir='ltr'>compellaret.</span> <span class='ocrx_word' id='word_1_106' title='bbox 611 1035 637 1088; x_wconf 80' lang='lat' dir='ltr'><strong>(i.</strong></span> <span class='ocrx_word' id='word_1_107' title='bbox 666 1037 772 1099; x_wconf 71' lang='lat' dir='ltr'><strong>Quibus</strong></span> <span class='ocrx_word' id='word_1_108' title='bbox 796 1037 880 1088; x_wconf 77' lang='lat' dir='ltr'><strong>rebus</strong></span> 
     </span>
     <span class='ocr_line' id='line_1_16' title="bbox 91 1097 880 1173; baseline -0.003 -15"><span class='ocrx_word' id='word_1_109' title='bbox 91 1106 163 1158; x_wconf 79' lang='lat' dir='ltr'><strong>adeo</strong></span> <span class='ocrx_word' id='word_1_110' title='bbox 183 1105 232 1158; x_wconf 91' lang='lat' dir='ltr'><strong>ille</strong></span> <span class='ocrx_word' id='word_1_111' title='bbox 247 1112 291 1158; x_wconf 86' lang='lat' dir='ltr'><strong>est</strong></span> <span class='ocrx_word' id='word_1_112' title='bbox 306 1112 475 1168; x_wconf 86' lang='lat' dir='ltr'><strong>commotus,</strong></span> <span class='ocrx_word' id='word_1_113' title='bbox 493 1097 526 1158; x_wconf 78' lang='lat' dir='ltr'><strong>rit</strong></span> <span class='ocrx_word' id='word_1_114' title='bbox 541 1119 749 1173; x_wconf 81' lang='lat' dir='ltr'><strong>nonnumquam</strong></span> <span class='ocrx_word' id='word_1_115' title='bbox 761 1105 835 1164; x_wconf 81' lang='lat' dir='ltr'><strong>vitae</strong></span> <span class='ocrx_word' id='word_1_116' title='bbox 849 1107 880 1156; x_wconf 85' lang='lat' dir='ltr'><strong>ii·</strong></span> 
     </span>
     <span class='ocr_line' id='line_1_17' title="bbox 90 1172 879 1246; baseline -0.003 -18"><span class='ocrx_word' id='word_1_117' title='bbox 90 1191 156 1228; x_wconf 87' lang='lat' dir='ltr'><strong>nem</strong></span> <span class='ocrx_word' id='word_1_118' title='bbox 167 1173 260 1227; x_wconf 83' lang='lat' dir='ltr'><strong>facere</strong></span> <span class='ocrx_word' id='word_1_119' title='bbox 270 1175 403 1238; x_wconf 80' lang='lat' dir='ltr'><strong>voluerit,</strong></span> <span class='ocrx_word' id='word_1_120' title='bbox 414 1181 498 1242; x_wconf 83' lang='lat' dir='ltr'><strong>utque</strong></span> <span class='ocrx_word' id='word_1_121' title='bbox 508 1191 544 1228; x_wconf 85' lang='lat' dir='ltr'><strong>ex</strong></span> <span class='ocrx_word' id='word_1_122' title='bbox 552 1179 726 1246; x_wconf 76' lang='lat' dir='ltr'><strong>ingratorum</strong></span> <span class='ocrx_word' id='word_1_123' title='bbox 737 1172 879 1227; x_wconf 85' lang='lat' dir='ltr'><strong>hominum</strong></span> 
     </span>
     <span class='ocr_line' id='line_1_18' title="bbox 91 1245 498 1310; baseline -0.005 -12"><span class='ocrx_word' id='word_1_124' title='bbox 91 1249 242 1310; x_wconf 80' lang='lat' dir='ltr'><strong>conspectu</strong></span> <span class='ocrx_word' id='word_1_125' title='bbox 253 1245 498 1297; x_wconf 86' lang='lat' dir='ltr'><strong>mortc&#39;deeodere.</strong></span> 
     </span>
     <span class='ocr_line' id='line_1_19' title="bbox 145 1312 882 1386; baseline 0 -22"><span class='ocrx_word' id='word_1_126' title='bbox 145 1314 180 1366; x_wconf 91' lang='lat'><strong>11.</strong></span> <span class='ocrx_word' id='word_1_127' title='bbox 198 1314 313 1366; x_wconf 84' lang='lat' dir='ltr'><strong>Interim</strong></span> <span class='ocrx_word' id='word_1_128' title='bbox 323 1313 414 1368; x_wconf 90' lang='lat' dir='ltr'><strong>Dione</strong></span> <span class='ocrx_word' id='word_1_129' title='bbox 429 1313 575 1386; x_wconf 72' lang='lat' dir='ltr'><strong>Syracusis</strong></span> <span class='ocrx_word' id='word_1_130' title='bbox 589 1313 755 1377; x_wconf 79' lang='lat' dir='ltr'><strong>interfecto,</strong></span> <span class='ocrx_word' id='word_1_131' title='bbox 774 1312 882 1381; x_wconf 86' lang='lat' dir='ltr'><strong>Diony·</strong></span> 
     </span>
     <span class='ocr_line' id='line_1_20' title="bbox 92 1382 881 1451; baseline -0.003 -16"><span class='ocrx_word' id='word_1_132' title='bbox 92 1383 253 1436; x_wconf 85' lang='lat' dir='ltr'><strong>siusrursus</strong></span> <span class='ocrx_word' id='word_1_133' title='bbox 259 1382 458 1450; x_wconf 80' lang='lat' dir='ltr'><strong>Syracusarum</strong></span> <span class='ocrx_word' id='word_1_134' title='bbox 465 1385 570 1451; x_wconf 80' lang='lat' dir='ltr'><strong>potitus</strong></span> <span class='ocrx_word' id='word_1_135' title='bbox 576 1389 630 1435; x_wconf 80' lang='lat' dir='ltr'><strong>est:</strong></span> <span class='ocrx_word' id='word_1_136' title='bbox 641 1386 719 1436; x_wconf 85' lang='lat' dir='ltr'><strong>cuius</strong></span> <span class='ocrx_word' id='word_1_137' title='bbox 730 1383 881 1436; x_wconf 81' lang='lat' dir='ltr'><strong>adversarii</strong></span> 
     </span>
     <span class='ocr_line' id='line_1_21' title="bbox 94 1451 882 1520; baseline -0.003 -16"><span class='ocrx_word' id='word_1_138' title='bbox 94 1468 175 1520; x_wconf 85' lang='lat' dir='ltr'><strong>opem</strong></span> <span class='ocrx_word' id='word_1_139' title='bbox 186 1466 203 1502; x_wconf 87' lang='lat' dir='ltr'><strong>a</strong></span> <span class='ocrx_word' id='word_1_140' title='bbox 214 1452 364 1506; x_wconf 83' lang='lat' dir='ltr'><strong>Corinthiis</strong></span> <span class='ocrx_word' id='word_1_141' title='bbox 373 1455 527 1520; x_wconf 79' lang='lat' dir='ltr'><strong>petierunt,</strong></span> <span class='ocrx_word' id='word_1_142' title='bbox 541 1453 707 1520; x_wconf 80' lang='lat' dir='ltr'><strong>(lucemque,</strong></span> <span class='ocrx_word' id='word_1_143' title='bbox 721 1454 813 1520; x_wconf 87' lang='lat' dir='ltr'><strong>quoin</strong></span> <span class='ocrx_word' id='word_1_144' title='bbox 824 1451 882 1504; x_wconf 90' lang='lat' dir='ltr'><strong>bel·</strong></span> 
     </span>
     <span class='ocr_line' id='line_1_22' title="bbox 92 1519 880 1590; baseline -0.003 -16"><span class='ocrx_word' id='word_1_145' title='bbox 92 1521 122 1574; x_wconf 94' lang='lat' dir='ltr'><strong>lo</strong></span> <span class='ocrx_word' id='word_1_146' title='bbox 133 1526 295 1584; x_wconf 85' lang='lat' dir='ltr'><strong>uterentur,</strong></span> <span class='ocrx_word' id='word_1_147' title='bbox 311 1519 496 1590; x_wconf 80' lang='lat' dir='ltr'><strong>postularunt.</strong></span> <span class='ocrx_word' id='word_1_148' title='bbox 533 1523 597 1574; x_wconf 87' lang='lat' dir='ltr'><strong>Huc</strong></span> <span class='ocrx_word' id='word_1_149' title='bbox 613 1522 760 1573; x_wconf 83' lang='lat' dir='ltr'><strong>Timoleon</strong></span> <span class='ocrx_word' id='word_1_150' title='bbox 778 1523 880 1572; x_wconf 82' lang='lat' dir='ltr'><strong>missus</strong></span> 
     </span>
     <span class='ocr_line' id='line_1_23' title="bbox 91 1589 881 1657; baseline 0 -15"><span class='ocrx_word' id='word_1_151' title='bbox 91 1590 250 1643; x_wconf 83' lang='lat' dir='ltr'><strong>incredibili</strong></span> <span class='ocrx_word' id='word_1_152' title='bbox 267 1589 402 1644; x_wconf 79' lang='lat' dir='ltr'><strong>felicitate</strong></span> <span class='ocrx_word' id='word_1_153' title='bbox 412 1591 578 1657; x_wconf 87' lang='lat' dir='ltr'><strong>Dionysium</strong></span> <span class='ocrx_word' id='word_1_154' title='bbox 588 1596 649 1642; x_wconf 85' lang='lat' dir='ltr'><strong>tota</strong></span> <span class='ocrx_word' id='word_1_155' title='bbox 659 1589 754 1642; x_wconf 85' lang='lat' dir='ltr'><strong>Sicilia</strong></span> <span class='ocrx_word' id='word_1_156' title='bbox 764 1589 881 1656; x_wconf 73' lang='lat' dir='ltr'><strong>depulit.</strong></span> 
     </span>
     <span class='ocr_line' id='line_1_24' title="bbox 92 1660 883 1730; baseline -0.008 -14"><span class='ocrx_word' id='word_1_157' title='bbox 92 1661 118 1716; x_wconf 87' lang='lat'><strong>2.</strong></span> <span class='ocrx_word' id='word_1_158' title='bbox 136 1661 228 1722; x_wconf 79' lang='lat' dir='ltr'><strong>Quum</strong></span> <span class='ocrx_word' id='word_1_159' title='bbox 240 1662 517 1728; x_wconf 79' lang='lat' dir='ltr'><strong>interlicereposset,</strong></span> <span class='ocrx_word' id='word_1_160' title='bbox 534 1660 640 1723; x_wconf 89' lang='lat' dir='ltr'><strong>noluit,</strong></span> <span class='ocrx_word' id='word_1_161' title='bbox 659 1664 776 1730; x_wconf 85' lang='lat' dir='ltr'><strong>tutoque</strong></span> <span class='ocrx_word' id='word_1_162' title='bbox 790 1665 822 1710; x_wconf 93' lang='lat' dir='ltr'><strong>ut</strong></span> <span class='ocrx_word' id='word_1_163' title='bbox 832 1661 883 1710; x_wconf 85' lang='lat' dir='ltr'><strong>Co·</strong></span> 
     </span>
     <span class='ocr_line' id='line_1_25' title="bbox 5 1728 882 1798; baseline -0.003 -15"><span class='ocrx_word' id='word_1_164' title='bbox 5 1735 6 1770; x_wconf 61' lang='grc' dir='ltr'>ἒ</span> <span class='ocrx_word' id='word_1_165' title='bbox 93 1729 217 1784; x_wconf 91' lang='lat' dir='ltr'><strong>rinthum</strong></span> <span class='ocrx_word' id='word_1_166' title='bbox 227 1732 398 1797; x_wconf 82' lang='lat' dir='ltr'><strong>perveniret,</strong></span> <span class='ocrx_word' id='word_1_167' title='bbox 409 1728 513 1783; x_wconf 79' lang='lat' dir='ltr'><strong>effecit:</strong></span> <span class='ocrx_word' id='word_1_168' title='bbox 533 1729 608 1798; x_wconf 89' lang='lat' dir='ltr'><strong>quod</strong></span> <span class='ocrx_word' id='word_1_169' title='bbox 624 1734 806 1796; x_wconf 85' lang='lat' dir='ltr'><strong>utrorumque</strong></span> <span class='ocrx_word' id='word_1_170' title='bbox 817 1729 882 1780; x_wconf 90' lang='lat' dir='ltr'><strong>Dio·</strong></span> 
     </span>
     <span class='ocr_line' id='line_1_26' title="bbox 92 1798 883 1867; baseline -0.003 -15"><span class='ocrx_word' id='word_1_171' title='bbox 92 1801 240 1867; x_wconf 84' lang='lat' dir='ltr'><strong>nysiorum</strong></span> <span class='ocrx_word' id='word_1_172' title='bbox 252 1801 349 1866; x_wconf 75' lang='lat' dir='ltr'><strong>opibus</strong></span> <span class='ocrx_word' id='word_1_173' title='bbox 361 1799 496 1852; x_wconf 87' lang='lat' dir='ltr'><strong>Corinthii</strong></span> <span class='ocrx_word' id='word_1_174' title='bbox 507 1815 589 1867; x_wconf 75' lang='lat' dir='ltr'><strong>saepe</strong></span> <span class='ocrx_word' id='word_1_175' title='bbox 599 1799 687 1850; x_wconf 80' lang='lat' dir='ltr'><strong>adiuti</strong></span> <span class='ocrx_word' id='word_1_176' title='bbox 698 1798 823 1860; x_wconf 82' lang='lat' dir='ltr'><strong>fuerant,</strong></span> <span class='ocrx_word' id='word_1_177' title='bbox 837 1813 883 1850; x_wconf 70' lang='lat' dir='ltr'><strong>cm</strong></span> 
     </span>
     <span class='ocr_line' id='line_1_27' title="bbox 92 1868 883 1936; baseline -0.001 -15"><span class='ocrx_word' id='word_1_178' title='bbox 92 1871 138 1922; x_wconf 79' lang='lat' dir='ltr'><strong>ius</strong></span> <span class='ocrx_word' id='word_1_179' title='bbox 148 1868 328 1936; x_wconf 82' lang='lat' dir='ltr'><strong>benignitatis</strong></span> <span class='ocrx_word' id='word_1_180' title='bbox 339 1873 501 1922; x_wconf 84' lang='lat' dir='ltr'><strong>memoriam</strong></span> <span class='ocrx_word' id='word_1_181' title='bbox 512 1869 623 1922; x_wconf 76' lang='lat' dir='ltr'><strong>volebat</strong></span> <span class='ocrx_word' id='word_1_182' title='bbox 633 1873 755 1932; x_wconf 80' lang='lat' dir='ltr'><strong>exstnrc3</strong></span> <span class='ocrx_word' id='word_1_183' title='bbox 767 1883 883 1936; x_wconf 86' lang='lat' dir='ltr'><strong>eamque</strong></span> 
     </span>
     <span class='ocr_line' id='line_1_28' title="bbox 5 1937 884 2010; baseline -0.005 -18"><span class='ocrx_word' id='word_1_184' title='bbox 5 1937 7 2006; x_wconf 68' lang='grc' dir='ltr'><em>ζ</em></span> <span class='ocrx_word' id='word_1_185' title='bbox 93 1938 268 2010; x_wconf 76' lang='lat' dir='ltr'><strong>praeclaram</strong></span> <span class='ocrx_word' id='word_1_186' title='bbox 280 1939 424 1992; x_wconf 82' lang='lat' dir='ltr'><strong>victoriam</strong></span> <span class='ocrx_word' id='word_1_187' title='bbox 435 1939 560 2002; x_wconf 77' lang='lat' dir='ltr'><strong>ducebat,</strong></span> <span class='ocrx_word' id='word_1_188' title='bbox 570 1940 598 1990; x_wconf 92' lang='lat' dir='ltr'><strong>in</strong></span> <span class='ocrx_word' id='word_1_189' title='bbox 609 1953 664 2006; x_wconf 87' lang='lat' dir='ltr'><strong>qua</strong></span> <span class='ocrx_word' id='word_1_190' title='bbox 673 1937 736 2004; x_wconf 79' lang='lat' dir='ltr'><strong>plus</strong></span> <span class='ocrx_word' id='word_1_191' title='bbox 746 1943 822 1989; x_wconf 80' lang='lat' dir='ltr'><strong>esset</strong></span> <span class='ocrx_word' id='word_1_192' title='bbox 831 1938 884 2004; x_wconf 86' lang='lat' dir='ltr'><strong>cle·</strong></span> 
     </span>
     <span class='ocr_line' id='line_1_29' title="bbox 94 2009 885 2076; baseline -0.005 -14"><span class='ocrx_word' id='word_1_193' title='bbox 94 2010 232 2070; x_wconf 73' lang='lat' dir='ltr'><strong>montiae,</strong></span> <span class='ocrx_word' id='word_1_194' title='bbox 252 2024 334 2076; x_wconf 87' lang='lat' dir='ltr'><strong>qnam</strong></span> <span class='ocrx_word' id='word_1_195' title='bbox 346 2009 534 2072; x_wconf 83' lang='lat' dir='ltr'><strong>crudelitatis3</strong></span> <span class='ocrx_word' id='word_1_196' title='bbox 553 2013 710 2076; x_wconf 76' lang='lat' dir='ltr'><strong>postremo,</strong></span> <span class='ocrx_word' id='word_1_197' title='bbox 728 2013 826 2059; x_wconf 90' lang='lat' dir='ltr'><strong>utnon</strong></span> <span class='ocrx_word' id='word_1_198' title='bbox 841 2021 885 2058; x_wconf 87' lang='lat' dir='ltr'><strong>so·</strong></span> 
     </span>
     <span class='ocr_line' id='line_1_30' title="bbox 93 2077 884 2144; baseline -0.003 -12"><span class='ocrx_word' id='word_1_199' title='bbox 93 2078 153 2132; x_wconf 91' lang='lat' dir='ltr'><strong>lum</strong></span> <span class='ocrx_word' id='word_1_200' title='bbox 166 2077 280 2130; x_wconf 85' lang='lat' dir='ltr'><strong>auribus</strong></span> <span class='ocrx_word' id='word_1_201' title='bbox 290 2079 477 2144; x_wconf 82' lang='lat' dir='ltr'><strong>acciperetur,</strong></span> <span class='ocrx_word' id='word_1_202' title='bbox 495 2077 639 2129; x_wconf 84' lang='lat' dir='ltr'><strong>sedetiam</strong></span> <span class='ocrx_word' id='word_1_203' title='bbox 656 2077 743 2128; x_wconf 87' lang='lat' dir='ltr'><strong>oculis</strong></span> <span class='ocrx_word' id='word_1_204' title='bbox 759 2091 884 2136; x_wconf 80' lang='lat' dir='ltr'><strong>cernere·</strong></span> 
     </span>
     <span class='ocr_line' id='line_1_31' title="bbox 95 2145 884 2216; baseline -0.005 -16"><span class='ocrx_word' id='word_1_205' title='bbox 95 2151 156 2211; x_wconf 86' lang='lat' dir='ltr'><strong>tur,</strong></span> <span class='ocrx_word' id='word_1_206' title='bbox 178 2162 259 2216; x_wconf 76' lang='lat' dir='ltr'><strong>quern</strong></span> <span class='ocrx_word' id='word_1_207' title='bbox 280 2153 309 2200; x_wconf 89' lang='lat' dir='ltr'><strong>et</strong></span> <span class='ocrx_word' id='word_1_208' title='bbox 323 2162 357 2198; x_wconf 85' lang='lat' dir='ltr'><strong>ex</strong></span> <span class='ocrx_word' id='word_1_209' title='bbox 367 2152 471 2215; x_wconf 87' lang='lat' dir='ltr'><strong>quanto</strong></span> <span class='ocrx_word' id='word_1_210' title='bbox 482 2161 569 2213; x_wconf 83' lang='lat' dir='ltr'><strong>regno</strong></span> <span class='ocrx_word' id='word_1_211' title='bbox 584 2145 620 2197; x_wconf 88' lang='lat' dir='ltr'><strong>ad</strong></span> <span class='ocrx_word' id='word_1_212' title='bbox 640 2160 722 2214; x_wconf 66' lang='lat' dir='ltr'><strong>(pram</strong></span> <span class='ocrx_word' id='word_1_213' title='bbox 742 2145 884 2197; x_wconf 81' lang='lat' dir='ltr'><strong>fortunam</strong></span> 
     </span>
     <span class='ocr_line' id='line_1_32' title="bbox 5 2213 886 2282; baseline -0.007 -12"><span class='ocrx_word' id='word_1_214' title='bbox 5 2213 6 2228; x_wconf 60' lang='lat'>¹</span> <span class='ocrx_word' id='word_1_215' title='bbox 96 2218 271 2270; x_wconf 80' lang='lat' dir='ltr'><strong>detrusisset.</strong></span> <span class='ocrx_word' id='word_1_216' title='bbox 307 2215 332 2268; x_wconf 78' lang='lat'><strong>³.</strong></span> <span class='ocrx_word' id='word_1_217' title='bbox 351 2217 419 2268; x_wconf 89' lang='lat' dir='ltr'><strong>Post</strong></span> <span class='ocrx_word' id='word_1_218' title='bbox 427 2217 556 2282; x_wconf 87' lang='lat' dir='ltr'><strong>Dionysii</strong></span> <span class='ocrx_word' id='word_1_219' title='bbox 566 2215 712 2268; x_wconf 85' lang='lat' dir='ltr'><strong>decessum</strong></span> <span class='ocrx_word' id='word_1_220' title='bbox 727 2230 789 2266; x_wconf 89' lang='lat' dir='ltr'><strong>cum</strong></span> <span class='ocrx_word' id='word_1_221' title='bbox 803 2215 886 2267; x_wconf 84' lang='lat' dir='ltr'><strong>Hice·</strong></span> 
     </span>
     <span class='ocr_line' id='line_1_33' title="bbox 5 2283 886 2354; baseline -0.001 -20"><span class='ocrx_word' id='word_1_222' title='bbox 5 2305 7 2334; x_wconf 71' lang='lat' dir='ltr'><strong>r</strong></span> <span class='ocrx_word' id='word_1_223' title='bbox 63 2298 69 2303; x_wconf 85' lang='lat'>&#39;</span> <span class='ocrx_word' id='word_1_224' title='bbox 96 2293 127 2342; x_wconf 89' lang='lat' dir='ltr'><strong>ta</strong></span> <span class='ocrx_word' id='word_1_225' title='bbox 142 2285 271 2349; x_wconf 82' lang='lat' dir='ltr'><strong>bellavit,</strong></span> <span class='ocrx_word' id='word_1_226' title='bbox 291 2289 337 2354; x_wconf 88' lang='lat' dir='ltr'><strong>qui</strong></span> <span class='ocrx_word' id='word_1_227' title='bbox 348 2285 510 2338; x_wconf 85' lang='lat' dir='ltr'><strong>adversatus</strong></span> <span class='ocrx_word' id='word_1_228' title='bbox 525 2283 618 2337; x_wconf 82' lang='lat' dir='ltr'><strong>fuerat</strong></span> <span class='ocrx_word' id='word_1_229' title='bbox 633 2285 785 2352; x_wconf 77' lang='lat' dir='ltr'><strong>Dionysio:</strong></span> <span class='ocrx_word' id='word_1_230' title='bbox 804 2296 886 2351; x_wconf 86' lang='lat' dir='ltr'><strong>quem</strong></span> 
     </span>
     <span class='ocr_line' id='line_1_34' title="bbox 5 2352 1021 2424; baseline -0.003 -20"><span class='ocrx_word' id='word_1_231' title='bbox 5 2369 6 2404; x_wconf 66' lang='lat' dir='ltr'><strong>l</strong></span> <span class='ocrx_word' id='word_1_232' title='bbox 97 2369 154 2408; x_wconf 87' lang='lat' dir='ltr'><strong>non</strong></span> <span class='ocrx_word' id='word_1_233' title='bbox 166 2355 230 2407; x_wconf 89' lang='lat' dir='ltr'><strong>odio</strong></span> <span class='ocrx_word' id='word_1_234' title='bbox 240 2356 398 2424; x_wconf 86' lang='lat' dir='ltr'><strong>tyrannidis</strong></span> <span class='ocrx_word' id='word_1_235' title='bbox 408 2354 630 2418; x_wconf 83' lang='lat' dir='ltr'><strong>dissensisse,sed</strong></span> <span class='ocrx_word' id='word_1_236' title='bbox 642 2352 885 2420; x_wconf 59' lang='lat' dir='ltr'><strong>eupiditateindi-</strong></span> <span class='ocrx_word' id='word_1_237' title='bbox 944 2367 946 2372; x_wconf 69' lang='grc'><em>’</em></span> <span class='ocrx_word' id='word_1_238' title='bbox 1020 2403 1021 2410; x_wconf 17' lang='lat'>¹</span> 
     </span>
     <span class='ocr_line' id='line_1_35' title="bbox 5 2417 1021 2494; baseline -0.005 -16"><span class='ocrx_word' id='word_1_239' title='bbox 5 2440 7 2494; x_wconf 65' lang='lat' dir='ltr'><strong>l</strong></span> <span class='ocrx_word' id='word_1_240' title='bbox 98 2427 143 2478; x_wconf 87' lang='lat' dir='ltr'><strong>cio</strong></span> <span class='ocrx_word' id='word_1_241' title='bbox 154 2425 304 2494; x_wconf 85' lang='lat' dir='ltr'><strong>suit,quod</strong></span> <span class='ocrx_word' id='word_1_242' title='bbox 315 2423 514 2492; x_wconf 80' lang='lat' dir='ltr'><strong>ipse‚oxpuls&#39;o</strong></span> <span class='ocrx_word' id='word_1_243' title='bbox 524 2423 835 2491; x_wconf 85' lang='lat' dir='ltr'><strong>Dionysio,imperium</strong></span> <span class='ocrx_word' id='word_1_244' title='bbox 846 2421 886 2474; x_wconf 89' lang='lat' dir='ltr'><strong>di·</strong></span> <span class='ocrx_word' id='word_1_245' title='bbox 973 2437 975 2448; x_wconf 75' lang='lat'>¹</span> <span class='ocrx_word' id='word_1_246' title='bbox 1020 2417 1021 2424; x_wconf 72' lang='grc'>’</span> 
     </span>
     <span class='ocr_line' id='line_1_36' title="bbox 97 2491 886 2560; baseline -0.009 -12"><span class='ocrx_word' id='word_1_247' title='bbox 97 2494 319 2548; x_wconf 78' lang='lat' dir='ltr'><strong>mittereneluit.</strong></span> <span class='ocrx_word' id='word_1_248' title='bbox 355 2494 380 2546; x_wconf 82' lang='grc'><strong>4.</strong></span> <span class='ocrx_word' id='word_1_249' title='bbox 399 2495 616 2560; x_wconf 86' lang='lat' dir='ltr'><strong>Hocsuperato,</strong></span> <span class='ocrx_word' id='word_1_250' title='bbox 635 2492 783 2546; x_wconf 87' lang='lat' dir='ltr'><strong>&#39;l&#39;imoleon</strong></span> <span class='ocrx_word' id='word_1_251' title='bbox 799 2491 886 2543; x_wconf 81' lang='lat' dir='ltr'><strong>maxi-</strong></span> 
     </span>
     <span class='ocr_line' id='line_1_37' title="bbox 5 2559 887 2632; baseline -0.01 -13"><span class='ocrx_word' id='word_1_252' title='bbox 5 2601 6 2610; x_wconf 31' lang='lat'><em>*</em></span> <span class='ocrx_word' id='word_1_253' title='bbox 97 2579 159 2618; x_wconf 88' lang='lat' dir='ltr'><strong>mus</strong></span> <span class='ocrx_word' id='word_1_254' title='bbox 175 2563 268 2630; x_wconf 81' lang='lat' dir='ltr'><strong>copias</strong></span> <span class='ocrx_word' id='word_1_255' title='bbox 286 2561 555 2632; x_wconf 72' lang='lat' dir='ltr'><strong>Carthaginiensium</strong></span> <span class='ocrx_word' id='word_1_256' title='bbox 571 2561 646 2628; x_wconf 87' lang='lat' dir='ltr'><strong>opud</strong></span> <span class='ocrx_word' id='word_1_257' title='bbox 660 2559 820 2615; x_wconf 83' lang='lat' dir='ltr'><strong>Crimissum</strong></span> <span class='ocrx_word' id='word_1_258' title='bbox 835 2559 887 2612; x_wconf 85' lang='lat' dir='ltr'><strong>ilu-</strong></span> 
     </span>
     <span class='ocr_line' id='line_1_38' title="bbox 95 2629 887 2700; baseline -0.01 -14"><span class='ocrx_word' id='word_1_259' title='bbox 95 2648 163 2686; x_wconf 86' lang='lat' dir='ltr'><strong>men</strong></span> <span class='ocrx_word' id='word_1_260' title='bbox 171 2633 398 2700; x_wconf 58' lang='lat' dir='ltr'><strong>fugavitmcsatis</strong></span> <span class='ocrx_word' id='word_1_261' title='bbox 405 2632 647 2698; x_wconf 58' lang='lat' dir='ltr'><strong>haborecodgit,=si</strong></span> <span class='ocrx_word' id='word_1_262' title='bbox 658 2631 757 2683; x_wconf 88' lang='lat' dir='ltr'><strong>liceret</strong></span> <span class='ocrx_word' id='word_1_263' title='bbox 765 2629 887 2684; x_wconf 81' lang='lat' dir='ltr'><strong>Africam</strong></span> 
     </span>
     <span class='ocr_line' id='line_1_39' title="bbox 101 2695 874 2773; baseline -0.014 -15"><span class='ocrx_word' id='word_1_264' title='bbox 101 2703 236 2768; x_wconf 84' lang='lat' dir='ltr'><strong>obtinere,</strong></span> <span class='ocrx_word' id='word_1_265' title='bbox 247 2703 359 2773; x_wconf 79' lang='lat' dir='ltr'><strong>quiiam</strong></span> <span class='ocrx_word' id='word_1_266' title='bbox 370 2701 528 2772; x_wconf 79' lang='lat' dir='ltr'><strong>complures</strong></span> <span class='ocrx_word' id='word_1_267' title='bbox 538 2709 626 2754; x_wconf 72' lang='lat' dir='ltr'><strong>dunos</strong></span> <span class='ocrx_word' id='word_1_268' title='bbox 636 2700 837 2770; x_wconf 80' lang='lat' dir='ltr'><strong>possessionem</strong></span> <span class='ocrx_word' id='word_1_269' title='bbox 846 2695 874 2750; x_wconf 81' lang='lat' dir='ltr'><strong>Si</strong></span> 
     </span>
    </p>
   </div>
   <div class='ocr_carea' id='block_1_4' title="bbox 0 0 1045 2956">
    <p class='ocr_par' dir='ltr' id='par_1_4' title="bbox 0 0 1045 2956">
     <span class='ocr_line' id='line_1_40' title="bbox 0 0 1045 2956; baseline 0 0"><span class='ocrx_word' id='word_1_270' title='bbox 0 0 1045 2956; x_wconf 95' lang='lat' dir='ltr'><strong> </strong></span> 
     </span>
    </p>
   </div>
  </div>
 </body>
</html>
