2054 2956
191 137 228 193 so
281 101 283 104 ’
323 131 442 189 xvrrr.
460 119 698 188 numanus
716 130 851 190 v-vrt

131 283 132 288 ,
192 243 244 295 bus
255 237 371 308 pedibus
382 237 464 304 plane
480 241 583 289 terram
599 243 695 304 posset
710 237 863 306 attingere;
883 235 987 294 deinde

192 317 257 380 post
271 309 434 376 verberibus
449 305 566 374 cogebat
580 308 735 368 exsultare,
750 312 780 358 et
790 307 879 360 caloes
890 311 988 361 remit·

192 386 261 433 tere.
304 378 359 441 Qui
372 378 531 428 nrotosnon
552 372 643 428 minus
662 377 794 428 sudorem
813 379 986 443 excutiebat,

193 463 277 519 quam
292 449 316 498 si
331 447 360 497 in
375 447 465 513 spatio
481 445 652 499 decurreret
688 445 715 498 6.
734 445 796 508 Quo
812 445 986 512 factumest,

194 519 268 588 quod
279 512 406 568 ominibus
416 515 544 567 mirabile
555 523 597 568 est
607 517 710 580 visum,
726 520 759 566 ut
772 525 862 584 aeque
877 517 985 570 iumen-

184 594 223 640 ta
241 587 329 639 nitida
350 601 385 638 ex
407 585 523 637 castello
543 585 688 648 educeret,
717 598 802 653 quum
823 586 984 653 complures

192 670 302 710 menses
312 658 341 707 in
352 655 495 707 obsidione
506 653 651 718 fuissetac
661 657 684 706 si
695 655 724 704 in
736 657 940 721 campestribus
950 670 984 709 ea

191 727 262 781 locis
272 722 422 777 habuisset.
458 725 484 776 ⁷.
495 721 527 775 ln
538 722 590 784 bae
600 724 786 786 conclusione,
797 726 983 797 quotiescum·

191 811 247 866 que
260 796 362 856 voluit,
376 797 540 861 apparatum
551 799 581 844 et
589 793 758 845 munitiones
768 793 902 861 Antigoni
913 794 982 846 alias

109 859 114 873 ⁴
191 863 408 928 incendit‚alias
418 863 538 915 disiecit.
573 861 781 915 Tenuitautem
792 878 823 916 se
838 877 897 914 uno
911 864 981 927 loco,

191 935 325 1005 quamdiu
335 933 388 985 fuit
398 932 494 985 hiems.
520 930 602 994 Quod
613 937 734 984 castrum
744 931 869 984 subsidia
878 931 982 985 babere
1020 945 1021 992 1

191 1020 248 1057 non
258 1007 383 1071 poterat,
393 1007 423 1054 et
432 1017 481 1054 ver
492 1003 746 1070 appropinquabat,
756 1001 891 1054 simulata
906 1002 981 1054 ‹ledi-
1020 997 1021 1060 1

191 1077 280 1136 tione,
296 1074 362 1125 dum
373 1072 407 1123 de
419 1071 623 1131 conditionibus
632 1075 748 1133 namot,
769 1069 922 1138 praelectis
930 1071 983 1122 An·
1020 1067 1021 1130 1

191 1145 282 1264 ἷίςοιιὶ
292 1142 438 1211 imposuit,
453 1153 537 1210 seque
548 1155 654 1193 nosnos
664 1155 760 1193 omnes
776 1141 900 1194 extraxit
909 1142 983 1193 inco·
1020 1153 1021 1236 p

204 1227 291 1264 umes.
692 1246 694 1251 .
807 1253 809 1260 .
915 1225 918 1228 ·
1020 1237 1021 1264 r

245 1279 292 1332 Vl.
309 1277 435 1332 Album:
446 1279 605 1348 Olympias,
620 1284 712 1333 mater
725 1293 798 1348 quae
812 1275 908 1331 fuerat
922 1278 982 1332 Ale·
1020 1267 1021 1336 1

190 1349 306 1414 xandri,
317 1365 401 1419 quum
412 1349 522 1404 litteras
533 1355 561 1402 et
576 1352 688 1402 nuntios
701 1351 821 1401 misisset
834 1350 863 1399 in
878 1351 981 1412 Asiam,
1020 1345 1021 1416 1

96 1457 109 1470 ,
191 1421 469 1483 consultun1‚utrum
488 1421 640 1486 repetitum
658 1419 853 1472 Macedoniam
872 1419 983 1470 veniret
1020 1427 1021 1484 1

192 1493 269 1552 (nam
282 1495 343 1542 tum
357 1491 385 1541 in
395 1489 480 1556 Epiro
496 1487 649 1553 habitabat)
660 1495 689 1542 et
706 1504 754 1541 eas
765 1487 809 1540 r'es
819 1491 982 1554 oocuparet:

190 1560 216 1614 2.
223 1557 288 1612 huie
295 1559 342 1610 ille
350 1560 470 1626 primum
475 1562 573 1622 suasit,
579 1575 614 1611 ne
619 1575 649 1612 se
659 1565 793 1621 moveret,
799 1563 829 1608 et
839 1561 984 1624 exspecta·
1020 1519 1021 1594 1

191 1635 238 1682 ret
243 1666 251 1694 ,
262 1629 361 1698 ‘quoad
376 1629 527 1682 Alexandri
544 1629 619 1680 illius
633 1643 750 1696 regnum
761 1627 983 1693 adipisceretur3
1020 1595 1021 1684 1

191 1701 234 1750 sin
245 1699 339 1766 aliqua
349 1699 498 1772 eupiditate
510 1703 658 1765 raperetur
668 1700 696 1748 in
706 1697 915 1760 Macedoniam,
926 1710 985 1749 om·

179 1769 268 1820 nium
278 1768 442 1820 iniuriarum
453 1768 672 1832 oblivisceretur,
679 1773 707 1819 et
717 1768 746 1818 in
756 1767 896 1818 neminem
906 1781 986 1818 noer·

191 1839 270 1891 biore
285 1842 414 1890 uteretur
426 1837 551 1904 imperio.
592 1835 616 1888 3.
639 1838 752 1891 Horum
764 1833 894 1887 illanibil
906 1835 985 1890 feeit.

192 1907 264 1960 Nam
274 1908 341 1960 etin
351 1906 547 1960 Macedoniam
556 1904 683 1974 profecta
693 1911 748 1969 est,
760 1909 788 1958 et
798 1905 836 1956 ibi
847 1905 987 1958 erudelis-

191 1978 261 2030 sime
276 1991 306 2028 se
322 1979 415 2044 gessit
452 1975 537 2028 Pstiit
551 1981 644 2028 autern
659 1977 693 2026 ab
709 1977 834 2028 Eumene
854 1973 987 2040 absente,
1020 1975 1021 2008 ³

191 2061 228 2099 ne
238 2050 395 2114 pateretur,
411 2043 532 2113 Philippi
544 2045 641 2097 domus
652 2050 681 2098 et
694 2045 817 2098 familiae
828 2044 988 2096 inimicissi-

193 2131 255 2168 mos
265 2117 380 2181 stirpem
396 2129 507 2185 quoque
517 2116 692 2178 interimere,
704 2115 846 2181 terretque
857 2127 943 2180 opem
954 2116 988 2167 li-

191 2186 265 2238 beris
278 2185 439 2239 Alexandri.
474 2183 500 2236 4.
520 2185 609 2247 Quam
624 2185 734 2236 reniam
748 2185 773 2235 si
789 2184 882 2245 daret,
898 2199 988 2252 quam

190 2257 311 2324 primurn
322 2256 461 2308 exercitus
476 2259 601 2320 pararet,
617 2255 748 2322 quaesibi
758 2249 883 2304 subsidio
895 2254 988 2306 addu-

191 2329 275 2378 oeret.
310 2323 342 2392 lpl
353 2339 408 2393 quo
423 2323 532 2376 facilius
547 2322 666 2386 laceret,
681 2338 712 2374 se
728 2323 855 2373 omnibus
872 2323 990 2388 praefe-

95 2451 101 2472 ·
192 2397 257 2456 ctis,
268 2392 316 2464 qui
324 2391 356 2446 in
364 2393 455 2445 officio
466 2393 629 2455 manebant,
648 2393 757 2444 misisse
774 2392 898 2454 litteras,
914 2399 951 2445 ut
962 2394 990 2448 ei

211 2467 331 2527 arerent,
343 2463 458 2530 eiusque
468 2461 589 2512 consiliis
599 2466 755 2520 uterentur.
791 2459 815 2512 t.
830 2461 885 2512 llis
897 2463 990 2517 rebus

190 2479 329 2584 {lumem
349 2535 493 2598 permotus
503 2531 591 2582 satius
601 2529 779 2594 duxit,siita
795 2527 908 2583 tulisset
929 2533 992 2585 for·

181 2606 268 2664 -tuno,
278 2599 369 2666 perire
378 2599 566 2654 benemeritis
576 2598 745 2654 referentem
755 2598 884 2668 gratiam,
896 2615 993 2670 quam

188 2669 332 2739 ingratum
341 2669 443 2722 vivere.

241 2735 303 2802 Vll.
321 2737 418 2808 ltaque
437 2737 531 2808 copias
550 2738 703 2810 contraxit,
722 2735 827 2790 bellurn
844 2733 994 2794 adversus
