2032 2962
456 21 481 70 ‘lt

292 137 327 196 V·
347 139 491 196 GlMON.
520 142 606 196 cni.
624 143 645 196 1.
664 145 703 199 11.
733 179 738 184 -
842 149 874 200 21

84 261 139 318 que
154 243 263 314 legibus
274 243 482 298 Atheniensium
493 245 582 300 emitti
592 251 716 314 poterat,
734 250 788 301 nisi
797 264 877 317 pecu-

82 319 171 380 niam,
183 329 237 384 quo
247 320 329 382 pater
338 317 472 368 multatus
479 321 556 394 erat,
567 317 705 386 solvisset.
741 319 767 372 2
782 321 875 373 Habe-

79 387 132 441 bat
146 391 240 439 autem
252 386 280 436 in
292 387 469 438 matrimonio
479 401 610 440 sororem
615 401 778 456 germanam
787 403 876 454 auam,

82 457 197 508 nomine
215 453 374 523 Elpinicen,
395 471 449 506 non
460 456 548 524 magis
568 471 676 522 amore,
696 473 778 526 quam
797 473 876 513 more

83 527 192 598 ductus.
221 523 292 576 Nam
307 523 520 577 Atheniensibus
540 525 607 578 licet
620 527 717 580 eodem
732 533 812 596 patre
828 542 875 580 na-

82 602 127 648 tas
146 607 248 646 uxores
264 593 374 646 doecre.
403 592 427 648 3.
444 593 533 646 Huius
552 597 671 664 coniugii
682 598 798 666 cupidus
813 597 875 650 Cal·

14 696 20 704 -
81 665 136 717 lias
147 663 275 734 quidam,
292 678 349 715 non
359 670 415 716 tam
427 677 597 734 generosus,
608 680 692 786 puam
703 665 876 734 pecuniolus,

82 738 130 804 qui
145 747 261 802 magnas
275 735 407 801 pecunias
423 749 457 786 ex
472 735 593 788 metallis
621 742 726 799 ecerat,
746 733 804 805 egit
813 744 877 790 cunt

82 807 211 867 Cimone,
231 807 263 854 ut
278 819 340 866 eam
351 805 403 856 sibi
413 819 528 858 uxorem
539 805 630 875 darete⁴
658 803 689 857 id
699 805 721 856 si
732 805 876 875 impetras-

80 877 137 938 set,
148 887 181 926 se
189 887 239 942 pro
250 873 298 925 illo
308 875 451 940 pecuniam
463 875 628 928 soluturum.
656 874 682 926 4.
697 875 724 933 ls
738 889 822 944 quum
833 881 874 928 ta-

79 943 138 998 lem
150 943 337 998 conditionem
350 951 561 1012 aspernaretur,
572 945 700 1014 Elpinice
710 946 834 1014 negavit,
843 961 875 999 se

66 1023 242 1082 passuram,
259 1013 395 1066 Miltiadis
410 1017 570 1085 progeniem
585 1019 614 1068 in
629 1014 747 1067 vinculis
756 1015 875 1084 publicis

78 1082 212 1146 interire,
232 1085 363 1152 quoniam
377 1083 525 1152 prohibere
541 1091 648 1154 posset,
667 1100 753 1154 seque
768 1085 874 1139 Calliae
919 1150 923 1156 ‚

78 1161 246 1223 nupturam,
258 1153 281 1204 si
292 1167 338 1216 ea,
349 1167 419 1220 quae
430 1155 627 1222 polliceretur,
635 1157 830 1224 praestitisset.
843 1211 848 1220 ,
898 1193 900 1198 -

133 1223 167 1276 ll.
183 1221 247 1274 Tali
255 1221 339 1274 modo
350 1223 476 1277 custodia
486 1225 621 1278 liberatus
633 1225 729 1278 Cimon
743 1225 874 1279 celeriter

80 1291 873 1376 adprincipatumpervenit.Habebatenimsatiseloquen-

78 1365 152 1427 tiae,
166 1369 304 1414 summam
319 1363 528 1427 liberalitatem,
543 1379 672 1432 magnam
695 1365 885 1432 prudentiam

78 1446 166 1504 quum
178 1431 354 1496 iuriscirilis,
374 1437 432 1484 tum
443 1437 484 1488 rei
494 1435 639 1500 militaris,
658 1435 811 1504 quodcum
827 1448 873 1505 pa-

78 1509 124 1556 tre
140 1517 159 1555 a
173 1514 260 1569 puero
275 1503 305 1552 in
320 1505 487 1558 exercitibus
502 1503 596 1557 furerat
608 1511 743 1558 versatus.
777 1505 874 1573 ltaque

79 1571 125 1628 hie
140 1578 170 1626 et
185 1570 318 1640 populum
333 1571 471 1625 urbanum
480 1575 510 1624 in
521 1589 572 1625 sua
582 1576 672 1626 tenuit
681 1579 833 1642 potestate,
845 1577 892 1634 et¹

14 1703 16 1706 ¹
80 1641 156 1712 apud
181 1643 333 1695 exercitum
359 1642 510 1708 plurimum
530 1643 617 1694 valuit
635 1645 812 1696 auctoritate.
847 1643 874 1696 2

79 1713 205 1768 Primum
220 1709 373 1778 imperator
387 1701 466 1779 apud
474 1712 577 1764 tlumen
592 1709 744 1780 Strymona
759 1725 875 1781 magnus

80 1782 175 1850 copias
189 1779 331 1833 Thracum
341 1780 461 1850 fugarit,
480 1779 610 1848 oppidum
624 1777 801 1848 Amphipolin
812 1796 874 1834 con·

79 1853 186 1918 stituit,
207 1863 297 1920 eoque
308 1851 401 1904 decem
413 1851 503 1904 millia
512 1847 720 1904 Atheniensium
733 1852 761 1902 iri
771 1851 874 1904 coloni·
945 1901 948 1910 ,

80 1935 125 1974 am
140 1921 226 1973 misit.
254 1921 331 1972 ldem
350 1923 452 1974 iterum
467 1921 541 1989 opud
555 1921 687 1990 Mycalen
705 1921 874 1990 Cypriorum

80 1999 111 2045 et
129 1988 301 2044 Phoenicum
321 1990 502 2046 ducentarum
523 1993 634 2044 navium
660 1991 704 2044 cla
734 2007 777 2044 ern
801 1991 874 2044 deti·

82 2067 156 2114 aaut
170 2061 255 2128 cepit:
285 2057 310 2112 3.
329 2061 482 2130 eodemque
497 2061 541 2114 die
551 2063 612 2129 pari
627 2007 741 2200 fortio
754 2062 875 2128 interra
888 2106 894 2124 ,

81 2135 219 2196 deusest,
240 2127 367 2199 Namque
383 2121 509 2184 bostium
527 2125 646 2195 nhylb'us
659 2131 698 2186 ca'
724 2133 759 2194 is,
778 2131 874 2185 statim
900 2129 907 2142 ‘
941 2171 949 2182 .

66 2215 119 2254 -ex
143 2199 239 2254 classe
263 2201 357 2267 copias
380 2217 444 2253 suas
471 2201 582 2265 eduxit,
609 2203 793 2256 batbarorum
818 2215 875 2251 uno
899 2211 905 2254 3
953 2243 954 2250 ,

83 2285 222 2324 concursu
233 2271 381 2322 maximnm
392 2272 446 2322 rim
459 2268 618 2340 prostrauit.
635 2269 671 2337 A.
685 2273 747 2334 Qua
757 2271 875 2322 victoria

83 2355 186 2409 magna
205 2339 310 2406 praeda
327 2343 435 2407 potitus
449 2355 533 2409 quum
549 2341 662 2396 domum
678 2343 875 2408 reverteretur,

83 2410 159 2480 quod
183 2411 240 2460 iam
260 2409 413 2464 nonnullae
432 2411 540 2464 insulae
559 2418 674 2482 propter
694 2409 876 2480 acerbitatem

83 2480 194 2548 imperii
205 2477 380 2544 defecerant,
389 2479 461 2534 bene
471 2483 608 2542 animatas
619 2479 800 2544 confirmarit,
810 2480 878 2534 alie·
898 2511 902 2518 ·

83 2556 166 2610 natas
181 2548 217 2602 ad
232 2548 352 2605 odicium
368 2551 460 2616 pedire
475 2551 573 2618 coegit.
598 2549 625 2604 5.
642 2551 775 2620 Scyrum,
795 2564 878 2617 quarn

85 2633 118 2674 eo
129 2624 255 2686 tempore
266 2619 389 2687 Dolopes
403 2619 577 2682 incolebant,
597 2620 671 2688 quod
686 2619 878 2672 contumacius
905 2620 939 2676 s

85 2703 115 2742 se
133 2693 291 2758 gesserant,
313 2689 478 2754 racuefccit,
498 2703 620 2742 sessores
634 2695 744 2742 ueteres
758 2685 828 2750 urbe
839 2687 878 2734 iu·

86 2758 202 2827 solaque
218 2758 312 2822 eiecit,
332 2772 414 2829 agros
429 2759 532 2811 civibus
547 2757 649 2812 divisit.
676 2755 796 2810 Thasios
811 2765 865 2822 opr
