2054 2956
43 15 45 26 r
154 19 156 26 ι

41 93 44 110 l

212 86 277 142 xv.
295 43 621 147 ernuruounlns.
645 93 698 149 1v.
716 91 752 150 u.
838 93 875 150 oa
989 68 1005 112 x

96 195 164 250 aaa
170 193 290 262 pecunia
300 194 423 257 ademta,
444 194 546 264 aliquia
558 196 646 258 dicat,
670 197 701 248 id
713 198 752 249 ad
764 213 805 249 rne
819 214 875 250 ere·

92 275 164 334 ptam
180 263 345 332 peruenisse,
365 265 435 332 qaod
452 266 571 317 delatura
590 265 712 333 accipere
722 266 873 320 noluissem.

93 335 114 388 5.
130 339 215 401 Aque
227 348 312 400 quum
323 335 492 398 quaesisset,
503 350 558 402 quu
569 349 599 386 se
615 335 713 388 deduci
730 337 829 400 vellet,
845 345 875 390 et

36 435 38 450 .
91 406 149 466 ille,
167 401 306 464 Athenas,
320 403 449 466 dixisset3
473 403 641 470 praesidium
660 404 750 469 dedit,
766 412 798 457 ut
813 405 872 474 [eo]

36 469 37 480 ¹
91 481 147 526 tuto
163 474 332 539 perveniret.
373 473 471 540 Neque
487 473 598 524 veroid
614 474 682 524 satie
699 473 809 539 habuit,
824 477 873 528 sed

34 581 35 592 ,
92 546 184 605 etiam,
200 547 233 591 ut
243 541 392 592 inviolatus
401 545 430 592 in
441 557 538 593 ararem
549 542 724 606 ascenderet,
743 560 792 610 per
804 545 873 598 Cha·
896 577 902 586 ·

90 616 171 665 briam
189 611 399 673 Atheniensem,
415 612 449 662 de
460 627 515 678 quu
526 625 610 676 supra
622 614 789 665 mentionem
808 613 873 666 feci·

91 699 158 746 mus,
170 679 273 733 effecit.
300 680 326 731 o.
344 681 535 732 Abstinentiae
546 681 601 730 erit
610 679 662 732 hue
672 684 740 732 satis
751 685 873 734 testimo·

91 754 168 804 nium.
187 750 314 814 Plurima
325 750 436 816 quidem
448 749 575 816 prolerre
586 765 730 816 possemus
740 752 806 815 ;sed
816 767 873 804 mu·

91 823 135 874 dus
146 819 320 872 adhibendus
331 825 389 881 est,
399 821 531 887 quoniam
543 834 597 869 uuo
613 818 666 870 hue
680 821 821 873 volumine
835 823 873 872 vi·

91 897 142 942 tarn
153 889 354 942 excellentium
368 891 490 940 virorum
506 889 690 956 complurium
707 889 873 943 concludere

89 961 294 1022 ruristituimus,
314 973 433 1024 quorum
452 960 602 1032 separatim
629 959 724 1012 multia
751 959 874 1012 millibus

89 1045 214 1084 versuum
224 1028 382 1094 complures
392 1029 542 1093 scriptores
552 1033 617 1079 ante
628 1042 677 1080 nos
689 1029 872 1096 explicarunt.

135 1101 171 1153 V.
189 1099 257 1150 Fuit
267 1099 351 1148 etiam
373 1098 506 1161 disertus,
525 1104 557 1150 ut
574 1113 655 1150 nemu
676 1101 702 1150 ei
722 1098 874 1152 Thebanus

86 1185 133 1239 par
144 1174 220 1221 esset
230 1167 502 1236 eloquentiarnequa
513 1171 603 1219 minus
614 1171 765 1222 concinnus
775 1171 872 1224 inbre·

86 1243 169 1291 ritate
180 1237 381 1304 respondendi,
397 1253 477 1306 quam
493 1239 522 1288 in
537 1245 671 1304 perpetua
687 1242 812 1291 oratione
829 1254 872 1291 ur·

85 1315 173 1361 natus.
193 1308 218 1359 2
240 1308 346 1358 Habuit
356 1309 570 1360 obtrectatorem
582 1309 767 1362 Meneclidam
778 1325 872 1376 quem·

86 1380 162 1441 dam,
175 1377 299 1430 indidem
315 1378 431 1440 Thebis,
446 1383 475 1430 et
495 1377 685 1430 adversarium
706 1380 736 1430 in
756 1379 872 1430 admini-

85 1448 199 1500 stranda
208 1448 361 1514 republica,
372 1449 440 1498 satis
452 1451 632 1500 exercitatum
648 1449 675 1498 in
694 1448 825 1509 dicendo,
840 1452 873 1498 ut

84 1517 247 1571 'l'hebanum
259 1519 375 1570 scilieet.
401 1517 528 1584 Namque
538 1517 580 1567 illi
591 1519 668 1583 genti
678 1517 741 1582 plus
751 1519 823 1568 inest
834 1517 872 1566 vi·

82 1590 171 1651 rium,
183 1602 266 1654 quam
278 1589 389 1656 ingenii.
427 1585 451 1637 3.
470 1585 594 1653 ls‚quod
605 1587 674 1636 inre
690 1585 806 1635 militari
822 1585 871 1636 llo·

81 1673 146 1710 rere
158 1657 379 1721 Epaminondam
389 1655 515 1718 ridebat,
525 1654 631 1706 hortari
640 1653 749 1706 solebat
764 1653 872 1706 Tinea

81 1739 143 1789 nus,
153 1732 187 1777 ut
194 1739 289 1791 pacem
297 1726 371 1777 bello
382 1724 564 1787 anteferrent,
570 1723 686 1774 neillius
693 1725 872 1790 imperaturis

82 1810 169 1862 opera
178 1795 394 1847 desideraretur.
429 1795 504 1846 Huic
514 1794 577 1857 ille,
586 1793 688 1856 Fallit,
702 1794 805 1861 inquit,
814 1810 872 1846 aer·

81 1863 112 1918 do
123 1865 195 1918 ciaet
206 1872 282 1927 tuor,
292 1866 364 1932 qaod
372 1863 419 1916 bor
430 1881 447 1917 a
458 1863 525 1917 bello
541 1880 651 1916 auocare
675 1862 727 1916 otir'
742 1865 811 1919 enim
826 1883 873 1920 no·

79 1935 153 1988 mine
164 1935 321 1986 reror'tatem
331 1933 467 1986 conciliat.
502 1933 529 1986 4.
546 1932 619 1986 Nam
626 1935 741 2003 paritur
750 1953 809 2005 pax
819 1935 872 1988 hel-

80 2005 115 2056 lo.
152 2004 251 2072 ltaque
262 2003 309 2072 qai
319 2020 351 2055 ea
363 2003 469 2055 diutina
480 2004 653 2076 volantfrra',
664 2005 872 2060 bellaeaereita·

80 2073 104 2125 a·
114 2090 173 2126 eree
184 2073 287 2126 debent.
325 2071 417 2136 Quare
427 2072 450 2124 η’
457 2073 595 2142 principer
609 2076 744 2128 Graeciae
754 2075 872 2128 catenal-

79 2143 128 2206 tr'e,
139 2143 241 2196 caetris
251 2151 292 2194 ert
301 2142 375 2194 rabie
384 2143 521 2206 utendum,
531 2161 583 2196 non
590 2147 740 2213 palaestra.
758 2143 783 2196 5.
794 2145 871 2196 idem

77 2213 130 2265 ille
146 2210 319 2266 Meneclides
329 2228 414 2280 quum
433 2211 497 2263 huic
508 2214 655 2278 obiiceret,
674 2214 749 2282 quud
769 2214 871 2266 liberos

78 2295 138 2333 non
151 2281 282 2346 haberet,
293 2297 383 2350 neque
398 2297 515 2335 uxorem
532 2284 672 2346 duxisset;
695 2283 871 2349 maximeque

75 2351 277 2413 insolentiam,
284 2351 360 2423 quud
375 2351 428 2404 sihi
441 2354 655 2419 Agamemnonis
668 2351 735 2402 belli
751 2351 871 2416 gloriam

76 2423 228 2473 videretur
238 2427 416 2472 consecutus:
435 2431 479 2482 at,
490 2421 553 2484 ille,
563 2421 663 2479 detine,
672 2419 771 2484 inquit,
782 2417 872 2470 Mene·

77 2490 172 2552 elida,
181 2489 213 2541 de
223 2505 308 2542 uxore
318 2489 386 2541 erili
396 2490 575 2556 exprobrare:
593 2499 655 2536 nara
665 2486 767 2538 nullius
777 2485 807 2538 in
816 2486 872 2536 leta
980 2544 984 2553 Ι

76 2573 114 2610 re
122 2559 213 2610 minae
224 2558 266 2610 ati
276 2559 387 2613 coneilio
397 2561 463 2608 eolo.
501 2555 641 2620 (Habebat
651 2555 724 2606 enim
739 2555 872 2604 Menecli-
980 2604 984 2615 Ι

77 2627 134 2682 das
148 2628 332 2695 suspicionem
344 2625 494 2686 adulterii.)
516 2623 542 2674 d.
563 2621 740 2691 Quadrantem
749 2637 789 2672 are
799 2619 862 2693 Aga

78 2711 246 2757 alcmeonem
265 2694 399 2750 aemulari
410 2701 510 2762 putat,
519 2688 641 2763 falleris.
691 2687 814 2752 Narnqae
826 2683 873 2730 elle
