2054 2956
162 105 211 160 loa
278 103 832 168 XXllLllANNIBAlnlll-Xl.

160 212 266 276 ductis,
286 215 519 275 statussaeneas‚
539 227 607 280 quas
621 227 713 264 secum
727 211 871 278 portabat,
893 227 953 264 om.

161 298 210 333 nos
221 297 272 332 sua
282 283 400 348 pecunia
410 281 545 350 complet,
559 289 660 349 easque
672 284 699 334 in
711 279 861 351 propatplo
874 283 952 334 domi
983 337 986 340 ,
1013 291 1014 336 3

160 352 262 402 abiicit
298 349 325 400 4.
345 351 476 418 Gortynii
497 351 631 416 templum
648 365 748 417 magns
771 351 840 402 cura
856 359 952 403 custo·

150 401 249 483 diunt,
259 433 315 470 non
326 425 383 470 tam
394 437 411 472 n
422 422 618 488 ceterissqunm
628 420 663 471 ub
673 419 840 482 Hannibale,
847 436 883 472 ne
891 421 952 488 ille,

160 490 341 541 inscientibus
351 487 394 541 his
401 490 535 553 ,tolleret
545 505 693 556 secumque
713 490 834 540 duceret.
1013 535 1014 554 ,

211 559 246 610 X.
265 558 325 622 Sic,
346 561 515 610 conservatis
526 560 584 610 suis
595 561 693 621 rebus,
712 557 838 620 Poenus,
857 559 951 624 illusis
1013 595 1014 606 ,

129 653 133 658 ·
161 629 340 684 Cretensibus
351 629 490 691 omnibus,
501 628 538 680 ad
548 629 674 680 Prusiam
685 627 712 678 in
724 627 843 679 Pontum
854 643 953 695 perve-

160 700 211 749 nit.
246 698 324 764 Apud
336 714 417 764 quem
437 699 536 750 eodem
556 700 647 750 animo
667 697 722 748 luit
741 709 808 765 erga
828 699 949 760 ltaliam,
1013 733 1014 768 p

160 782 252 834 neque
263 767 340 818 uliud
351 768 501 836 quidquam
513 770 581 834 egit,
592 783 674 836 quom
685 782 779 834 regem
791 769 910 820 armavit
920 772 949 818 et
960 759 965 796 *¹
1013 777 1014 816 1

161 838 286 888 exercuit
306 837 438 888 adsersus
452 838 600 890 Romanos.
625 838 660 889 v2.
679 838 768 899 Quem
780 852 865 904 quum
875 836 947 886 ride·
965 871 970 903 ἶ
1013 895 1014 900 η

159 911 205 968 ret
220 906 378 958 domesticis
397 908 481 958 rebus
496 907 586 958 minus
601 919 661 957 esse
677 908 836 969 robustum,
858 905 948 956 conci-

160 975 248 1026 liabat
263 982 373 1028 ceteros
382 991 476 1048 reges,
497 975 719 1044 adiungebatque
739 976 887 1027 bellicosas
903 991 948 1025 na-

160 1047 260 1096 tiones.
294 1044 456 1096 Dissidelrat
474 1045 508 1097 ab
522 1060 556 1097 eo
568 1045 756 1113 Pergamenus
767 1060 830 1108 rex,
848 1045 948 1096 Eume·

95 1131 98 1141 ¹
159 1129 207 1165 nes
214 1148 222 1176 ,
233 1113 364 1165 Romanis
376 1115 573 1179 amicissimus,
588 1115 747 1184 bellumque
757 1116 891 1179 intereos
902 1129 947 1180 ge·

158 1183 274 1234 rebatur
286 1185 395 1235 otmari
405 1188 434 1235 et
453 1189 542 1236 terra:
562 1201 617 1252 quo
628 1188 715 1252 magis
736 1185 865 1250 cupiebat
884 1198 946 1234 eum

157 1252 300 1304 Hannibal
311 1253 437 1319 opprimi.
465 1251 491 1304 3.
510 1253 566 1306 Sed
576 1255 725 1322 utrobique
736 1257 875 1312 Eumenes
885 1252 946 1318 plus

158 1320 271 1372 valebat
290 1327 405 1389 propter
419 1323 609 1374 Romanorum
626 1326 801 1375 sociotatem:
821 1336 902 1388 qoem
922 1321 947 1372 si

158 1392 334 1455 removisset,
356 1391 482 1444 faciliora
496 1393 547 1444 sibi
562 1399 656 1446 cetera
670 1393 731 1444 fore
748 1391 946 1465 arbitrabatur.

158 1460 201 1514 ild
229 1459 303 1512 hunc
336 1462 559 1514 interficiendum
589 1463 674 1515 talem
710 1464 772 1514 iniit
799 1462 946 1518 rationem,

159 1529 185 1580 4.
205 1530 299 1582 Classe
318 1533 413 1596 paucis
424 1531 521 1583 diebus
542 1538 623 1584 erant
641 1532 790 1584 decreturi.
827 1529 945 1597 Supera·
966 1549 968 1554 ’

158 1601 242 1653 batur
261 1603 371 1652 navium
392 1597 581 1656 multitudino:
607 1603 671 1654 dolo
684 1607 746 1654 erat
756 1601 945 1668 pugnandum,

158 1685 242 1737 quum
254 1685 368 1736 pernen
380 1673 558 1724 essetarmis.
594 1674 743 1738 Imperavit
762 1686 844 1739 quum
861 1669 945 1736 pluri-
1013 1667 1014 1676 ’

77 1775 82 1780 -
157 1755 218 1790 mas
237 1749 387 1793 venenatas
406 1745 549 1808 serpentes
573 1742 649 1806 viras
669 1741 777 1808 colligi,
798 1755 901 1806 easque
915 1741 945 1790 in
1013 1749 1014 1790 Q

156 1823 224 1858 vasa
234 1807 331 1860 lictiliu
341 1810 449 1861 coniiei.
467 1809 606 1862 dilatum
618 1825 701 1878 quum
713 1809 879 1865 confecisset
889 1825 945 1860 ma-

157 1891 240 1945 gnam
251 1878 469 1942 multitudinem,
485 1879 530 1930 die
541 1881 614 1946 ipso,
625 1884 679 1947 quo
692 1879 816 1930 facturus
827 1883 889 1930 erat
899 1893 946 1929 na·

157 1946 219 1997 vale
231 1947 381 2011 proelium,
397 1948 713 2011 classiariosconvocnt,
732 1947 829 2015 hisque
840 1950 945 2014 proeci-

40 2071 50 2087 .
157 2016 212 2083 pit,
234 2029 329 2068 omnes
340 2022 371 2066 ut
385 2017 414 2066 in
429 2033 514 2070 unam
530 2019 663 2070 Eumenis
684 2019 758 2084 regis
778 2022 945 2068 concurrant

49 2075 103 2156 ,ζζζ
156 2099 268 2146 narem,
288 2101 305 2136 a
324 2087 423 2137 ceteris
438 2091 545 2152 tontum
560 2090 628 2138 satis
639 2086 801 2152 habeautse
814 2084 943 2139 defende·

155 2170 196 2206 re.
232 2153 264 2205 ld
276 2153 357 2206 focile
367 2155 430 2205 illos
441 2157 612 2222 serpentium
622 2156 803 2209 multitudine
814 2171 946 2210 consecu-

68 2229 99 2274 ,Ξ
154 2219 244 2276 turos,
280 2224 305 2274 6.
325 2223 385 2284 Rex
405 2222 499 2277 autern
517 2227 546 2276 in
567 2242 623 2294 qua
643 2241 712 2278 nave
732 2225 895 2290 veheretur,
914 2232 945 2276 ut

155 2295 273 2356 scirent,
293 2307 324 2344 se
335 2291 488 2357 facturom3
516 2310 597 2361 quem
613 2297 636 2344 si
652 2287 711 2346 sut'
723 2287 876 2362 cepissent,
897 2295 956 2356 out*

153 2361 373 2437 interfecissent,
402 2377 503 2430 magno
533 2363 575 2414 liis
592 2363 741 2432 pollicetur
760 2367 885 2434 praemio
905 2363 944 2417 lo·

50 2447 119 2490 ..ου
158 2443 199 2481 re·
255 2439 264 2446 '

112 2522 121 2538 ν
210 2497 257 2550 Xl.
275 2499 339 2552 Tali
354 2497 547 2554 cohortatione
566 2501 686 2554 militum
707 2500 796 2565 facte,
807 2503 943 2559 classisob
1013 2561 1014 2570 ,

157 2568 283 2634 utrisque
292 2571 320 2618 in
333 2569 469 2634 proelium
485 2571 640 2622 deducitur.
676 2572 800 2633 Quorum
811 2575 871 2624 acie
882 2573 952 2628 coni

157 2637 256 2686 stituts
266 2673 274 2699 ,
285 2639 444 2704 priusquam
456 2642 564 2706 signum
572 2655 684 2708 pugnae
696 2641 824 2705 duretur,
839 2643 944 2694 llanni-

68 2723 70 2727 ’
156 2703 217 2770 bol,
228 2710 260 2758 ut
270 2705 361 2773 palan}
373 2707 478 2760 laceret
488 2711 546 2759 suis
552 2745 561 2774 ,
573 2723 628 2776 quo
639 2708 701 2762 loco
712 2711 851 2765 Eumenes
861 2719 943 2780 essct,
1013 2707 1014 2718 ¹
