2054 2956
347 52 624 112 FRRGMENTA.
835 59 886 115 12⁷
946 67 951 74 ‘

1 169 6 200 ἱ
93 163 172 217 dono
182 161 236 215 sibi
246 159 340 214 datos:
359 160 434 212 unde
444 161 473 213 in
484 165 530 214 eas
541 167 631 214 terras
641 161 824 228 devenissent,
841 177 887 217 re·

96 233 242 300 quirendo,
253 233 423 300 cognovisse,
437 233 465 282 vi
475 237 672 299 tempestatum
683 249 718 285 ex
727 235 829 287 lndieis
840 247 886 284 ae·

95 303 228 372 quoribus
248 303 390 368 abreptos,
412 317 608 370 emensosque,
632 316 711 370 quae·
723 305 887 366 intererant,

94 373 208 426 tandem
228 370 256 422 in
277 371 444 424 Germaniae
465 371 562 424 littora
581 372 691 425 exiisse.
718 369 884 426 Metelli-3.

97 459 120 498 c.
130 440 156 493 5.
161 441 213 510 fin.
224 450 252 493 et
261 441 336 494 Plin.
347 438 384 491 N.
394 438 432 491 H.
442 441 469 504 2,
478 441 522 494 67.

150 511 313 578 Largitudo.
334 508 444 562 Ollaria)
451 513 469 563 l.
483 510 506 562 l.
516 527 539 564 e.
549 509 593 562 78.

149 581 283 634 Eudoxus
302 580 424 647 quidam,
442 594 561 632 anorum
577 589 737 632 nostrorum
755 579 888 645 tempori·

2 699 3 704 ,
84 649 158 713 ltus,
174 663 257 716 quum
268 649 537 718 Lathurum‚regem
548 649 740 713 Alexandriae,
760 649 889 716 profuge·
919 671 923 680 ·

97 725 149 783 ret,
168 719 284 776 Arabico
295 721 357 772 sinu
368 735 512 788 egressus,
531 734 581 787 per
592 718 645 772 hoo
654 719 778 787 pelagus,
794 725 825 770 ut
835 717 889 770 Ne·

97 805 147 856 pos
158 789 297 851 adfirmat,
307 788 402 842 Gades
412 803 501 857 usque
511 793 656 856 pervectus
666 793 718 841 est.
738 787 813 840 Melo
824 786 852 850 3,
861 787 888 840 9.

98 866 126 912 et
135 858 211 911 Ptin.
222 857 248 922 3,
257 857 300 909 07.
312 866 340 910 et
355 855 466 924 Capella
477 859 495 910 l.
505 859 531 911 6.
802 913 808 918 ,
837 900 840 910 .

151 926 342 994 Paphlagonia
352 928 467 994 insignis
478 927 541 980 loeo
549 928 671 990 Heneto,
680 943 697 979 a
707 940 772 996 quo,
782 931 814 978 ut
824 925 890 978 Cor·

97 993 288 1064 neliusNepos
297 995 432 1062 perhibet,
443 997 636 1065 Paphlagoniae
646 1000 673 1047 in
680 997 789 1049 ltaliam
799 1001 889 1048 trans-

97 1066 179 1128 uecti,
197 1081 265 1118 mox
284 1067 387 1124 Veneti
406 1073 471 1118 sunt
491 1069 637 1119 nominati.
666 1065 846 1118 Solemnis.
862 1072 890 1116 et

87 1133 174 1188 ‘Ptin
185 1133 212 1197 6,
222 1136 247 1186 2
258 1133 343 1208 [cons.
355 1135 486 1204 Heyn.ad
497 1135 576 1205 Virg.
585 1135 799 1190 Aenslaexeurt.
812 1133 887 1201 m]

152 1205 258 1256 Fauces
268 1202 371 1256 O‘oeani
382 1208 415 1257 Τ.
428 1206 534 1270 Livius,
547 1221 580 1256 ao
590 1207 683 1273 Nepos
694 1203 838 1258 Cornelius
849 1203 888 1254 le·

2 1311 3 1322 ³
99 1274 228 1327 titudinis
239 1273 424 1337 tradiderunt,
434 1277 483 1326 ubi
492 1277 642 1339 minimum,
654 1275 704 1326 Vll
713 1275 830 1342 M.pass.
841 1273 889 1324 ubi

101 1359 166 1398 tero
178 1345 326 1410 plurimum
337 1345 364 1396 X
374 1343 413 1394 Μ.
436 1343 511 1396 Ptin.
522 1345 567 1396 tit.
578 1343 604 1396 3.
612 1359 730 1411 prooem.
745 1372 749 1383 κ

152 1413 275 1476 Melpum
286 1412 430 1476 opulentia
439 1415 629 1478 praecipuum,
639 1412 713 1480 quod
725 1414 758 1463 ab
769 1410 898 1463 Insubri-

7 1505 9 1510 ·
100 1469 889 1547 tus,etBoiis,ettlenoniousde1etumesseorum,quocai

99 1551 193 1608 millus
198 1547 281 1600 Veios
287 1549 400 1614 ceperit,
411 1549 491 1600 Corn.
498 1549 590 1616 Nepos
600 1551 724 1601 tradidit.
735 1549 810 1604 Plin.
817 1547 890 1612 3,1⁷;

151 1618 232 1671 Vltra
242 1618 397 1686 Aquileiam
412 1617 448 1670 Vl
464 1619 505 1670 M.
516 1634 588 1686 pass.
603 1618 715 1671 Formio
730 1621 832 1681 amnis,
853 1619 888 1670 ab

98 1691 231 1756 Perenna
247 1687 415 1741 CLXXXIX
431 1701 508 1755 pass.
529 1691 660 1756 antiquus
676 1689 775 1741 ltaliae
791 1693 890 1740 auctus

99 1762 242 1822 terminus,
254 1774 327 1808 nuno
337 1772 403 1810 nero
415 1759 529 1809 Istriae:
546 1773 628 1826 quam
640 1760 890 1826 cognominatama

99 1827 210 1882 flumine
221 1830 294 1882 Istro
306 1829 335 1878 in
344 1827 482 1886 Hadriam
493 1825 622 1880 effluente
632 1844 649 1879 a
658 1828 787 1880 Danubio
799 1842 889 1889 amne,

58 1901 81 1968 ι’
98 1899 241 1966 eidemque
261 1899 333 1950 lstro
349 1912 388 1968 ex
399 1897 516 1950 adverso
532 1897 600 1950 Padi
622 1898 725 1962 larices,
746 1899 886 1949 contrario

99 1982 194 2022 eurum
207 1983 339 2034 percussu
349 1967 419 2018 men
430 1969 578 2020 interiecto
590 1968 782 2031 dulcescente,
802 1966 885 2034 pleri·

99 2053 153 2104 que
171 2037 267 2088 dixere
287 2036 373 2098 falso,
393 2041 421 2088 et
436 2036 529 2104 Nepos
540 2037 712 2106 [Cornelius]
723 2038 807 2090 etium
818 2036 887 2088 Padi

99 2105 205 2171 eccela,
220 2105 327 2168 Pla'n.3,
340 2105 380 2157 18.
390 2107 463 2158 ΝΖ
479 2139 486 2144 -
583 2113 596 2131 “
654 2131 655 2136 ’
936 2166 941 2175 ἱ

150 2175 234 2242 Alpes
253 2177 284 2228 in
303 2175 506 2242 longitudinem
521 2175 548 2228 X
564 2175 603 2226 M.
618 2191 691 2242 pass.
706 2179 802 2241 patore
818 2189 835 2224 a
845 2187 888 2224 su.

100 2258 166 2311 pero
183 2246 252 2296 mori
267 2245 303 2296 ad
318 2245 455 2308 inferum,
475 2245 584 2296 Caelius
599 2245 698 2297 tradit:
721 2245 889 2312 'timagenes

100 2313 154 2366 XX
164 2315 203 2376 Μ.
214 2330 287 2380 poss.
298 2314 425 2365 deductis
435 2315 463 2364 iu
474 2314 661 2377 latitudinem,
682 2312 827 2364 Cornelius
838 2311 890 2362 Ne-

102 2397 153 2452 pos
165 2384 185 2433 C
196 2383 247 2434 M.:
269 2385 303 2434 T.
313 2383 413 2447 Livius,
421 2385 476 2436 tria
486 2385 525 2434 M.
536 2384 704 2436 stadiorum:
721 2387 839 2454 uterque
850 2380 889 2434 di·
936 2388 940 2394 ·

102 2452 189 2506 versis
200 2454 227 2504 in
238 2451 313 2504 locis.
331 2452 408 2506 Ptin.
416 2450 441 2517 ³,
454 2452 493 2506 19.
504 2469 525 2506 t.
535 2453 577 2506 23.

2 2541 3 2544 ¹
110 2563 114 2576 ὗ
155 2523 233 2576 luter
244 2522 312 2574 duos
321 2523 477 2589 Bosporos,
497 2523 648 2578 Thracium
664 2527 692 2575 et
703 2520 890 2586 Cimmerium,

104 2591 211 2648 directo
231 2607 328 2656 eursu,
346 2600 379 2647 ut
394 2600 492 2646 auctor
511 2600 555 2649 est
569 2593 715 2662 Polybius,
735 2593 763 2643 lo
774 2590 813 2641 M.
830 2603 890 2656 pas·

103 2663 342 2720 suumiutersunt
378 2665 503 2720 circuitu
523 2678 590 2726 nero
610 2666 696 2718 totius
710 2661 793 2722 Ponti
808 2660 891 2712 vicies
