2032 2962
145 58 180 116 68
274 55 357 112 XIV.
380 53 619 112 DATAMES.
644 55 733 110 v111.
756 55 810 115 IX.
861 41 872 98 ,“.

142 165 206 227 tria,
217 163 332 217 Cilicum
344 163 408 225 duo,
419 163 614 228 Captianorum
625 161 754 226 totidem,
766 177 802 214 ex
811 160 931 214 Graecia

143 234 345 287 conductorum
356 234 411 283 tria
421 231 520 282 miliia:
531 232 599 283 levis
610 237 768 284 armaturae
779 233 932 282 maximum
948 289 950 294 ¹

142 297 298 373 pomerum.
335 301 358 353 3.
378 303 438 352 Has
448 302 581 355 adversus
592 301 685 367 cupias
695 313 744 367 spe
768 303 857 352 onrrris
868 315 931 352 cun·

82 367 96 386 “’
104 368 124 386 ’“
142 373 259 432 sistebat
269 372 382 423 Datami
393 373 420 420 in
432 385 462 421 se
472 370 581 439 locique
592 317 836 442 natumzciaenque
848 369 930 421 huius

142 447 251 510 partem
272 456 326 490 non
342 438 462 493 habebat
477 441 635 491 vicesimam
651 430 781 492 militdnr.
822 440 931 502 Quibus

142 511 233 563 fretus
243 510 656 577 condixit‚adversariorumque
666 509 756 560 inulta
766 507 931 576 niiiliacou-
942 517 944 522 ’

143 579 222 643 cidit,
242 583 326 647 quum
343 579 377 630 de
392 581 479 645 ipsius
499 580 625 630 exercitu
639 593 695 629 non
712 565 931 650 auspiiuqiromi·
1009 609 1011 630 3

142 665 209 702 num
221 650 298 702 milio
308 649 460 700 cecidisset
488 649 579 716 ¹Quam
590 647 625 699 ob
636 663 747 699 causam
760 654 873 714 postero
885 647 930 700 die

142 724 189 771 tro
210 735 290 772 aeuru
300 720 406 786 posuit,
428 733 482 786 quo
503 717 565 768 loco
587 713 676 786 pridie
696 723 848 784 pugnatum
861 724 938 776 erat.¹
1010 771 1011 786 χ

108 793 116 820 ²
142 789 169 841 4.
218 790 262 840 iac
273 803 357 857 quum
368 793 460 839 castra
476 788 620 849 movisset,
635 802 799 854 semperque
814 786 932 856 inferior

144 861 242 927 copiis,
259 859 387 924 superior
403 857 529 907 omnibus
543 857 658 922 proeliis
674 856 843 919 discederet,
858 856 932 924 quod
1007 899 1011 918 ,

143 943 294 996 numquam
305 941 416 978 manum
425 929 591 988 consereret,
601 927 743 993 nisiquum
756 926 932 978 adversarios

143 998 267 1050 locorum
277 998 411 1064 angustiis
421 996 569 1047 clausisset
577 996 664 1062 (quod
676 997 768 1062 perito
784 997 931 1062 regionum

144 1067 298 1133 callideque
309 1067 441 1132 cogitanti
451 1081 534 1132 saepe
545 1065 711 1128 decidebam:
730 1063 764 1116 5..
778 1063 935 1131 Autophra-

144 1137 236 1198 dates,
256 1148 339 1204 quom
356 1135 460 1186 beilum
475 1136 538 1186 duci
553 1137 659 1188 maiore
671 1137 744 1202 regis
760 1135 933 1198 calamitate,

144 1221 227 1273 quam
239 1205 473 1268 adversariorum,
482 1205 603 1268 videret,
615 1205 650 1256 ad
660 1220 756 1270 pacem
768 1205 932 1258 amicitiam·
1010 1223 1011 1280 i

145 1290 199 1343 que
211 1272 445 1335 hortatusest,ut
465 1285 613 1341 cum-'rege
632 1275 661 1324 in
680 1275 799 1340 gratiam
818 1275 933 1326 rediret.

144 1345 169 1396 6.
190 1343 280 1404 Quam
300 1341 349 1393 iile
359 1344 411 1408 etsi
432 1342 516 1394 iidam
536 1357 591 1392 non
613 1341 819 1410 soieputabat,
837 1349 932 1396 tamea

6 1441 15 1482 t
46 1441 59 1480 p
145 1402 332 1531 conditio*
344 1413 464 1478 aceepit,
475 1427 560 1479 seque
577 1413 611 1464 ad
626 1413 808 1466 Artaxerxem
824 1412 934 1480 legatos

24 1537 27 1544 Δ
55 1501 58 1526 =
89 1517 93 1528 .
144 1484 293 1534 missurum
324 1482 382 1531 ixit.
412 1481 934 1550 sichelium,quodrexadversusDa·

40 1541 45 1573 ²
144 1558 247 1604 tamem
268 1556 440 1618 susceperat,
467 1551 602 1604 sedatum.
656 1552 881 1620 Autophradates
904 1553 934 1603 in

25 1629 116 1704 ,Ἢν
145 1620 296 1690 Phrygiam
308 1637 338 1672 se
350 1623 463 1688 recepit.
664 1666 667 1672 .
1009 1617 1010 1686 J

89 1689 102 1754 ᾗ
184 1690 233 1744 ΙΧ.
253 1691 289 1741 At
299 1690 630 1758 rex,quodimpiacabile
641 1690 734 1743 odium
744 1692 773 1741 in
783 1690 935 1742 Datamem

49 1786 51 1794 v
144 1765 318 1826 susceperat,
331 1768 476 1829 postquam
488 1762 563 1813 bello
575 1777 637 1814 euru
652 1761 770 1828 opprimi
780 1774 833 1812 non
850 1775 935 1826 posse

145 1830 352 1891 arrimadvertit,
363 1831 470 1882 insidiis
484 1832 651 1882 interficere
658 1830 778 1881 studuit:
801 1839 869 1897 quas
884 1829 936 1896 ille
1008 1875 1009 1898 ἦ

146 1898 296 1966 plerasque
305 1900 411 1950 uitauit.
444 1900 477 1951 2.·
490 1899 576 1962 Sicut,
588 1915 670 1968 quum
682 1901 839 1950 nuntiatum
851 1905 936 1963 esset,
1008 1907 1009 1918 ¹

144 1966 278 2036 quosdam
288 1968 340 2018 sibi
349 1969 483 2031 insidiari,
493 1971 736 2037 qaiiuamicorunr
748 1974 828 2020 erant
838 1983 935 2021 nume·

144 2051 177 2090 ro
190 2037 359 2104 (dequibus,
375 2038 449 2106 quod
464 2039 569 2092 inimici
577 2031 756 2103 ¹detulerant,
771 2053 861 2106 neque
873 2053 934 2091 cre·

145 2105 280 2169 dendum,
293 2121 328 2158 ne
348 2123 383 2159 ue
394 2106 589 2176 negligendum
601 2111 733 2176 putavit),
751 2108 872 2174 experiri
886 2121 934 2159 vo·

144 2175 318 2238 luit,verum
360 2176 551 2230 isumuoesset
567 2179 695 2230 relatum.
736 2177 761 2230 3.
785 2180 883 2244 ltaque
899 2191 933 2230 eo

145 2245 289 2313 profectus
300 2251 343 2297 est
350 2283 358 2309 ,
379 2262 433 2314 qao
443 2249 544 2299 itinere
556 2248 664 2300 futuras
675 2247 932 2299 insidiasdixerant

146 2313 201 2366 Sed
211 2314 296 2384 elegit
306 2330 424 2381 corpore
435 2320 464 2366 et
475 2322 584 2390 statuqa
594 2318 766 2367 simillimum
780 2317 836 2377 sui,
852 2318 934 2384 eique

144 2385 274 2437 restituar
286 2401 365 2438 suum
379 2385 551 2452 dedicatque
562 2401 595 2437 eo
606 2385 668 2438 loco
679 2388 790 2452 ire,quo
800 2387 859 2452 ipse
870 2401 936 2436 coa-

145 2462 287 2518 suererat,
304 2453 397 2506 iussit.
432 2456 494 2521 lpse
510 2459 602 2506 autem
623 2460 724 2522 ornatu
741 2453 934 2522 [vestituque]
1006 2519 1007 2522 Ἴ

145 2521 262 2574 militari
276 2526 350 2576 inter
366 2525 490 2590 corporis
506 2523 635 2575 custodes
650 2525 705 2574 iter
722 2523 814 2575 iacere
830 2527 934 2590 coepit.
1006 2529 1007 2581 i

144 2587 170 2641 4.
189 2591 225 2640 nt
234 2594 425 2656 insidiatores,
437 2598 584 2660 postquam
601 2594 629 2642 in
645 2607 708 2643 eum
724 2591 816 2643 locum
832 2603 934 2659 agmen

152 2661 283 2725 narseus,
294 2660 401 2730 decepti
412 2660 510 2712 ordine
520 2665 603 2730 atque
613 2663 730 2726 uestitu,
744 2663 773 2712 in
788 2675 850 2712 cum
867 2661 934 2715 faci·
1005 2721 1006 2732 χ

249 2816 254 2832 r
320 2815 343 2850 ’,ὴ
354 2841 356 2845 y

237 2854 259 2881 κ(
284 2871 289 2881 t

291 2897 336 2914 ¹-
