2032 2962
27 90 33 102 ·
96 54 160 146 ¹ro
247 89 301 144 111.
319 85 554 144 nmsmoas
574 87 657 144 cnr.
676 89 795 149 1-nr.
878 131 882 140 .

105 187 223 248 'decern
247 210 381 248 annorum
406 195 558 263 legitimam
577 209 698 262 poenam
715 210 772 250 non
792 197 917 264 pertulit.

126 263 196 318 Nam
207 272 355 334 postquam
366 266 473 316 Xerxes
484 265 510 314 in
523 265 670 317 Graeciam
682 264 841 330 descendit,
856 283 917 319 sex·

126 342 156 386 to
177 333 236 387 sete
249 335 343 396 anno,
368 331 449 402 quam
466 339 526 386 erat
541 334 685 402 expulsus,
709 334 878 404 populiscitu
887 339 916 390 in
950 357 956 362 ·

128 405 248 476 patriam
258 406 405 459 restitutus
416 409 465 455 est.
553 423 555 433 ·

180 474 214 526 ll.
232 473 363 526 Interfuit
376 479 469 525 autem
484 489 593 543 pugnae
609 471 700 526 navali
715 472 790 542 apud
801 473 916 528 Salami-

129 557 182 606 na,
197 557 269 610 quae
283 542 358 596 facta
372 548 416 595 est
429 545 520 611 prius,
540 559 624 612 quam
638 558 729 610 poena
739 545 917 598 liberaretur.

24 617 26 622 ’
127 613 203 665 ltleni
222 618 336 679 praetor
356 612 411 664 tuit
430 612 639 666 Atheniensium
658 614 733 680 apud
749 611 917 667 Plataeasin

128 682 217 750 procli
242 717 249 746 ,
268 697 323 750 quo
334 681 498 734 Mardonius
513 682 605 744 fusus,
620 681 859 752 barbarorumque
870 699 917 736 ex·

128 752 197 804 ercit
239 751 414 822 x'nterlectus
434 757 485 803 est.
520 751 546 803 2.
566 750 662 819 Neque
677 753 755 805 eliud
769 759 813 804 est
828 752 916 804 ullum

126 819 194 873 huiu
229 821 287 873 nre
298 821 412 872 militari
421 821 534 874 illustre
545 819 663 886 iactum,
683 837 765 890 quam
777 821 857 874 huius
867 821 917 874 im·

84 906 86 913 ’
126 891 196 958 perii
235 893 354 954 entoria;
374 891 496 944 iustitiae
505 905 581 954 vero,
591 895 620 944 et
630 893 786 960 aequitatis,
798 893 915 945 etinno-
1002 892 1003 907 ³

125 951 235 1030 centi'ae
245 961 345 1012 multa:
356 962 384 1011 in
394 961 497 1028 primis,
507 961 581 1029 quod
591 961 649 1012 eius
660 963 799 1029 aequitate
810 960 916 1019 laetum
998 1000 999 1003 ,

125 1034 181 1092 cst,
202 1027 286 1098 'quum
301 1031 331 1082 in
346 1033 484 1082 communi
500 1031 588 1084 classe
603 1036 677 1082 esset
688 1031 933 1084 Graeciaesimut.
990 1076 1001 1088 ,,

126 1115 188 1171 cunr
199 1089 348 1180 [gausaniaq
359 1115 413 1170 quo
425 1100 494 1153 duce
505 1099 670 1152 Mardonius
680 1105 742 1154 erat
751 1099 872 1168 fugatus,
883 1107 916 1152 ut
989 1097 991 1149 Ε

126 1181 235 1237 sumata
244 1170 280 1220 im
284 1171 354 1236 perii
365 1171 494 1223 maritimi
506 1169 773 1227 abLacetluemoniis
780 1168 913 1222 transser-

126 1231 256 1316 rotulari
270 1237 461 1292 Athenienses.
497 1238 522 1310 ξι
541 1239 666 1307 Namque
681 1243 746 1292 ante
761 1239 790 1290 id
804 1245 914 1306 tempus
1004 1241 1005 1246 ’

79 1311 81 1314 ’
126 1311 237 1362 otmari
254 1314 282 1360 et
296 1309 470 1362 terradnces
486 1315 567 1361 erant
581 1308 804 1362 Lacedaemonii.
840 1310 925 1372 Tum,
963 1355 966 1360 .
1004 1309 1005 1314 ’

126 1385 220 1440 autem
231 1383 259 1430 et
268 1380 481 1445 intemperantia
490 1378 645 1431 Pausaniae
656 1384 685 1430 et
693 1380 800 1431 iustitia
811 1377 912 1430 lactum
1006 1436 1007 1439 Ἴ

126 1455 170 1502 est
184 1434 328 1511 Aristidis,
351 1454 383 1499 ut
402 1463 498 1500 omnes
513 1448 573 1500 iera
588 1449 715 1501 civitates
730 1447 864 1500 Graeciae
878 1447 913 1499 ad
995 1455 1000 1467 ·

127 1518 334 1576 Atheniensium
350 1519 511 1570 societatem
531 1533 561 1570 se
577 1517 761 1586 applicarent,
774 1523 805 1572 et
819 1516 913 1571 adver·

126 1603 174 1642 sus
183 1587 317 1640 barbaros
327 1585 377 1638 hos
388 1587 471 1640 duces
481 1587 638 1656 deligerent
646 1587 707 1640 sihi.

146 1708 150 1714 .
178 1659 225 1710 lll.
245 1658 321 1721 Quos
329 1673 382 1725 quo
390 1657 497 1710 facilius
508 1673 539 1710 re
560 1657 716 1721 ellarent,si
728 1653 912 1708 fortebellum

128 1739 262 1786 renovare
273 1733 454 1796 conarentur,¹
473 1727 510 1778 ad
521 1673 624 1780 classes
635 1725 822 1778 aedificandas
833 1739 914 1778 exer·

126 1799 252 1866 citusque
267 1799 467 1863 comparandos
482 1803 621 1863 quantum
635 1797 768 1874 pecuniae
788 1799 918 1864 quaeque,
987 1815 988 1821 ¹

126 1868 221 1920 civitas
232 1866 320 1927 daret,
325 1867 459 1918 Aristides
470 1865 594 1916 delectus
605 1871 656 1924 est,
667 1868 713 1931 qui
724 1864 914 1925 constitueret,
985 1860 987 1918 f

126 1937 240 2007 eiusque
254 1936 370 1987 arbitrio
391 1936 583 2005 quadringena
602 1938 630 1986 et
649 1947 788 2002 sexagena
808 1930 916 1984 talenta

18 2046 55 2058 ....
121 2007 276 2128 pecunius
284 2005 385 2057 Delum
393 2003 575 2056 suntcollata.
590 2003 622 2056 ld
631 2005 705 2056 enim
716 2015 861 2056 commune
871 2016 915 2054 ae·

143 2077 233 2128 arium
243 2074 466 2127 essevolnerunt.
484 2075 564 2137 Quae
575 2075 665 2126 onrnis
674 2074 792 2142 pecunia
802 2077 916 2141 postero
979 2099 993 2142 Ἰ-

33 2194 36 2200 ,
129 2151 252 2212 tempore
266 2142 388 2198 Athenas
402 2143 539 2197 translata
555 2149 606 2196 est.
641 2144 667 2197 2.
689 2145 743 2196 llic
758 2160 814 2212 qua
831 2141 916 2194 luerit

127 2207 916 2282 abstinentia,nullumestcertiusindicium,quamquod,
976 2266 977 2272 ¹
1007 2231 1008 2234 ¹

128 2298 212 2354 quum
226 2285 312 2336 tantis
326 2283 409 2336 rebus
424 2284 604 2352 praefuisset,
622 2285 651 2337 in
661 2289 741 2336 tanta
751 2281 916 2349 paupertate
981 2316 989 2333 .

129 2355 257 2418 decessit,
267 2359 307 2418 ut,
318 2355 365 2422 qui
375 2351 530 2418 efferretur,
541 2354 586 2407 vix
596 2350 749 2424 reliquerit
767 2349 793 2403 3.
805 2350 866 2412 Quo
877 2347 916 2400 sa·

106 2423 112 2430 “
130 2429 205 2476 ctum
215 2429 271 2486 cst,
280 2429 313 2474 ut
322 2423 396 2476 tiliae
406 2425 465 2476 eius
476 2424 584 2492 publice
595 2423 749 2484 alerentur,
763 2423 792 2474 et
801 2419 836 2471 de
845 2432 917 2471 eom·
956 2487 958 2494 γ

130 2495 207 2548 muni
218 2493 327 2545 aerario
338 2492 448 2546 dotibus
460 2495 532 2548 datis
543 2492 756 2546 collocarentur.
790 2485 917 2542 Decessit
989 2520 990 2525 κ

129 2568 224 2618 autem
234 2562 294 2617 fere
308 2568 371 2630 pest
386 2571 496 2618 annuns
506 2569 635 2630 quartum
643 2601 651 2628 ,
662 2576 745 2633 quam
760 2557 916 2615 Themisto·

82 2661 86 2670 «
131 2633 188 2688 ales
199 2632 313 2687 Athonis
324 2636 385 2685 erat
393 2633 532 2700 expulsus.

424 2743 577 2762 φυ-

419 2843 428 2880 l
