2054 2956
157 129 159 134 .
215 37 562 140 'rxvsnrrr'cvs
581 49 777 132 x1v-xv1.
850 75 899 132 11⁷

107 180 255 250 ¹splendide
266 181 396 247 gesserit,
416 197 505 250 neque
517 181 545 232 in
556 182 686 234 sestertio
707 181 812 233 centies
822 179 902 232 alliu-

110 253 203 304 entins
221 251 336 312 vixerit,
356 263 437 318 quam
456 253 630 314 instituerat,
649 252 766 318 parique
786 249 899 318 fastigio

108 321 221 373 steterit
231 320 259 368 in
271 323 390 386 utraque
406 317 528 371 fortuna.
565 319 591 374 3.
609 320 708 370 Nullos
724 319 821 370 habuit
836 317 900 370 hor-

109 396 169 452 tos,
187 388 293 442 nullam
313 387 500 440 suburbanam
520 395 568 440 aut
587 391 754 442 maritimam
776 394 899 440 sumtuo-

109 475 169 512 sam
185 458 294 520 villam,
314 473 404 526 nequa
423 458 564 522 initalia,
584 459 696 525 praeter
716 457 899 510 Ardeatinam

110 535 140 582 et
158 528 380 590 Nomentanum,
407 529 540 580 rusticum
566 528 724 593 praedium:
753 529 898 596 omnisque

109 600 168 652 eius
179 595 313 665 pecuniae
323 593 431 648 reditus
450 597 596 650 constabat
606 598 635 647 in
646 598 794 664 Epiroticis
814 603 844 648 et
853 614 899 649 ur·

109 666 188 720 banis
217 667 444 734 possessionibus.
480 669 524 719 Ex
553 682 607 734 quo
637 667 766 734 cognosci
795 672 898 732 potest,

109 752 190 788 usum
211 751 273 788 eum
285 738 418 811 pecuniae
433 750 490 788 noa
503 736 707 804 magnitudine,
726 735 897 802 seductione

6 815 7 818 ’
109 806 203 860 metiri
213 806 334 858 solitum.

143 873 204 931 XV.
211 873 388 928 Mendacium
399 890 488 944 neque
496 875 708 944 dicebaturque
715 878 771 944 pati
778 879 897 944 poterat.

108 948 206 1014 ltaque
218 946 277 996 eius
287 945 403 996 comitas
413 961 469 997 non
479 947 539 998 sine
549 949 697 999 severitate
710 952 785 1008 erat,
806 959 897 1014 nequa

108 1017 231 1084 gravitas
242 1016 302 1066 sine
317 1009 470 1077 facilitate,
490 1020 524 1066 ut
537 1015 647 1068 difficile
658 1023 731 1068 esset
740 1014 898 1082 intellectu,

108 1091 203 1137 utrum
214 1099 278 1136 eum
298 1080 380 1133 amici
401 1088 489 1152 magis
509 1091 684 1148 vererentur,
704 1101 739 1136 an
760 1089 896 1136 anrarent.

109 1154 251 1222 Quidquid
271 1154 438 1220 rogabatur,
458 1153 588 1221 religiose
607 1155 798 1220 promittebat:
822 1153 897 1222 quod

109 1239 164 1278 non
177 1222 314 1284 liberalis,
325 1222 374 1274 sed
386 1223 454 1274 leuis
464 1219 665 1288 arbitrabatur,
676 1225 812 1292 polliceri,
822 1223 897 1292 quod

108 1299 252 1362 praestare
264 1307 317 1344 non
328 1295 429 1360 posset.
464 1291 585 1345 2cldem
595 1296 623 1345 in
634 1295 759 1357 nitendo,
770 1294 844 1363 quod
855 1309 897 1344 se-

108 1364 165 1414 mel
175 1359 330 1425 annuisset,
348 1367 427 1415 tanta
438 1367 500 1413 erat
509 1378 589 1427 cura,
608 1370 641 1414 ut
651 1379 710 1426 non¹
726 1364 896 1424 mandatam,

109 1431 159 1484 scd
169 1447 248 1484 suam
265 1448 323 1484 rem
339 1432 482 1483 moleretur
497 1447 590 1500 agere.
625 1433 783 1500 Numquam
803 1446 896 1483 susce·

109 1503 151 1570 pti
162 1498 268 1568 negotii
279 1517 341 1554 eum
360 1507 518 1568 pertaesum
534 1506 585 1554 cst.
623 1501 707 1554 Suam
718 1503 791 1552 enim
802 1502 897 1552 exisfi·

109 1573 260 1623 mationem
271 1573 300 1622 in
320 1585 354 1623 ca
368 1586 400 1622 re
420 1563 465 1638 agi
484 1566 613 1637 putabat:
634 1565 896 1638 qua'nihillrabebat

109 1643 210 1694 carius.
246 1639 270 1692 3.
290 1641 460 1705 Quoiiebat,
471 1645 502 1690 ut
513 1641 606 1691 omnia
617 1641 794 1702 Ciceronum,
815 1640 896 1690 Cato·

110 1713 167 1776 nis,
196 1709 306 1777 [Marii,
325 1709 371 1777 Q]
392 1709 550 1772 Hortensii,
569 1708 634 1760 Auli
653 1709 805 1777 Torquati,
825 1705 896 1760 urul-

46 1803 48 1808 ·
109 1786 206 1832 torum
235 1786 383 1845 praeterea
412 1779 537 1847 equitum
562 1779 752 1830 Romanorum
781 1779 896 1846 negotia

109 1854 283 1918 procuraret
318 1849 360 1900 Ex
380 1863 434 1916 quo
453 1848 570 1900 iudicari
593 1853 718 1914 poterat,
747 1863 803 1899 non
823 1849 897 1900 iner-

109 1921 164 1982 tia,
174 1918 223 1970 sed
233 1914 334 1970 iudicio
346 1917 449 1986 fugisse
460 1918 629 1984 reipublicae
639 1919 873 1986 procurationem.

146 1987 220 2040 xvi.
230 1985 421 2050 Humanitatis
430 1985 496 2038 ‘vero
508 1987 615 2038 nullum
632 1987 733 2040 ailerre
749 1989 838 2040 maius
855 1993 897 2038 te
944 2007 948 2016 ¹
1016 2001 1019 2008 ·

110 2057 274 2110 stimonium
286 2071 491 2125 possum,qua1n
504 2055 577 2124 quod
589 2057 830 2128 adolescensidem
838 2057 897 2108 seni

111 2126 209 2182 Sullae
228 2125 313 2180 fuerit
331 2124 557 2190 iucundissimus,
576 2141 662 2178 senex
672 2126 841 2178 adulescenti
857 2125 896 2176 Μ

9 2197 14 2236 ³.
110 2187 218 2260 Brut03
237 2211 300 2248 cum
310 2194 472 2263 aequalibus
483 2201 577 2251 autem
587 2199 654 2259 suis,
665 2196 697 2257 Qu
708 2197 859 2248 llortensio
869 2199 898 2246 et

111 2266 152 2320 Μ.
165 2266 310 2324 Cicerone,
320 2265 361 2316 sic
369 2261 484 2329 riserit,
493 2271 526 2315 ut
535 2263 659 2316 iudicare
670 2263 782 2316 difficile
793 2265 842 2326 sit,
853 2265 898 2315 cai

112 2337 202 2389 aetati
212 2334 298 2386 fuerit
308 2335 476 2401 aptissimus.
510 2333 536 2384 2
555 2331 728 2400 Quamquam
745 2332 807 2395 eum
819 2347 899 2400 prae-

113 2407 195 2472 cipua
206 2404 305 2462 dilexit
315 2405 424 2465 Cicero,
433 2409 466 2453 ut
476 2418 510 2455 ne
521 2399 610 2456 frater
620 2401 732 2471 quidem
741 2403 767 2454 ei
778 2403 898 2464 Quintus

113 2474 207 2526 carior
217 2472 360 2532 meritant
369 2471 547 2532 familiarior.'
578 2470 595 2523 3
612 2471 697 2522 Eirei
707 2475 773 2522 sunt
788 2469 900 2534 indicio,

48 2567 57 2582 s
113 2546 229 2612 praeter
237 2555 285 2594 eos
294 2542 395 2604 libros,
404 2542 433 2593 in
444 2541 543 2610 quibas
554 2539 590 2592 de
600 2554 633 2592 eo
644 2538 712 2591 iacit
722 2543 900 2600 mentionem,

115 2612 198 2680 quiin
205 2609 302 2678 atalgus
309 2609 388 2677 [iam]
396 2607 684 2672 suntediti‚sexdecim
694 2610 836 2661 volumina
846 2608 901 2674 epi·

115 2677 527 2756 stolarumabconsulatueius
536 2677 902 2752 usqueadextremumtoa»
